4428 5306
884 469 891 478 ,
1051 497 1331 624 *ab

472 691 567 796 quod
589 691 732 792 quidem
755 715 799 764 ex
819 692 895 789 ipsa
915 713 955 764 re
976 689 1137 784 efficitur,
1162 683 1284 766 omnes
1309 689 1366 766 vel
1387 717 1464 788 eas,
1488 717 1577 795 qaae
1598 707 1776 795 praeterea
1799 709 1898 800 repe'·

472 802 606 871 riantur
631 793 839 884 sodalitates,
867 817 937 864 non
959 793 1026 864 alia
1041 818 1145 889 quam
1162 793 1421 868 Crotoniensem
1442 807 1622 892 pemecrna
1641 825 1719 874 esse
1738 801 1896 895 consilia,

472 923 561 989 uec,
597 895 694 968 siad
716 890 918 966 Aristoxeni
942 891 1051 966 verba·
1073 919 1133 965 me
1156 919 1303 988 revoco,
1335 895 1527 994 inquibus
1560 897 1815 1000 Pythagoricos
1841 923 1898 976 res
1949 929 1956 940 ·

472 997 631 1100 publicas
663 1005 698 1066 et
731 990 918 1092 ἑξωτικρὶς
952 1005 989 1068 et
1020 989 1172 1094 ξενικάς
1206 1005 1371 1070 uacasse
1408 999 1651 1096 consignatum
1684 1012 1780 1094 erat,
1824 1027 1917 1076 uou-

475 1096 683 1174 contendere
704 1098 844 1189 ·ausim,
886 1093 963 1168 illas
999 1121 1079 1166 eum
1113 1094 1202 1186 hac,
1238 1122 1343 1193 quam
1369 1108 1408 1169 ut
1431 1099 1630 1194 primariam
1654 1100 1771 1173 Mem
1796 1127 1917 1199 prae·
1965 1123 1969 1132 ’

473 1200 624 1298 captoria
659 1221 763 1268 caasa
793 1221 929 1268 summo
955 1198 993 1267 iu
1027 1196 1159 1269 bonore
1198 1195 1404 1290 habuerint,
1449 1223 1521 1270 non
1551 1199 1664 1272 solum
1695 1203 1896 1276 arctissimis
2015 1267 2022 1280 .

351 1355 362 1366 .
474 1298 645 1375 midtiae
679 1295 887 1394 hospitiique
919 1295 1088 1388 ducalis,
1132 1293 1195 1370 sed
1227 1307 1263 1370 et
1294 1299 1470 1370 communi
1484 1361 1488 1370 .
1503 1297 1655 1397 quodam
1686 1291 1916 1378 commercio·

473 1403 512 1475 in
536 1397 687 1474 consiliis
712 1400 802 1470 inter
820 1423 858 1468 se
882 1379 1103 1470 conserebdis
1124 1396 1343 1470 interioribus
1368 1396 1474 1472 luisse
1492 1398 1647 1498 junctas.

586 1498 704 1598 Major
720 1508 755 1570 et
774 1496 950 1570 diffieilior
972 1523 1068 1570 nnuc
1091 1499 1206 1570 existit
1223 1498 1448 1600 disceptatio,
1478 1502 1735 1575 servaverintne
1758 1499 1915 1600 Pylas·-

473 1627 576 1704 goras
601 1599 745 1700 q‘usque
771 1598 933 1696 discipuli
952 1598 1105 1695 priscum
1130 1597 1342 1695 reipublicae
1363 1609 1511 1691 statum,
1543 1625 1589 1672 au
1614 1599 1894 1684 immutaverint?

331 1779 335 1787 ,
472 1709 512 1780 iu
537 1727 607 1801 qua
638 1699 827 1774 dirimenda
859 1725 905 1772 ne
935 1723 1025 1796 quae
1054 1699 1137 1796 lpse
1162 1696 1269 1791 dixit,
1306 1702 1639 1795 praetermittamus,
1681 1712 1895 1776 revertam

471 1803 520 1878 ad
544 1827 716 1874 summum
742 1799 829 1872 illud
854 1799 1006 1890 dietum,
1034 1798 1131 1897 quod
1154 1824 1199 1871 ex
1220 1800 1349 1871 intimis
1373 1801 1475 1896 quasi
1499 1799 1650 1874 Demeae
1675 1802 1765 1874 vitae
1788 1825 1917 1899 pene·

473 1901 619 1979 tralibus
639 1901 803 1974 baustum
817 1910 890 1974 est:
919 1901 956 1970 in
981 1903 1101 1996 patriis
1121 1897 1276 1974 moribus
1292 1891 1519 1997 legibusque,
1542 1900 1624 1972 lieet
1647 1903 1770 1974 ceteris
1789 1899 1894 1998 paulo
1941 1931 1943 1938 ’

474 2004 659 2078 deteriores
686 2004 775 2093 sint,
800 1999 1091 2099 perseverandum
1116 1995 1359 2096 praeceperat,
1387 2023 1467 2071 uam
1491 2025 1710 2098 nequaquam
1730 2025 1791 2073 eos
1809 2025 1893 2073 eon·

474 2105 602 2179 sulere·
615 2101 775 2200 publicae
803 2099 929 2190 saluti,
967 2103 1028 2196 qui
1063 2099 1198 2198 legibus
1230 2097 1403 2197 rebusque
1428 2099 1598 2173 novandis
1628 2099 1807 2174 studerent
1832 2099 1891 2200 ι);

475 2215 657 2280 monuerat
677 2201 789 2293 idem,
820 2201 891 2300 legi
915 2199 1213 2292 succurrendum,
1248 2197 1412 2296 quodque
1436 2199 1506 2298 legi
1530 2199 1751 2293 adversetur,
1777 2198 1894 2273 debel-
1965 2275 1969 2284 ,

473 2305 617 2380 landum
644 2328 734 2377 esse.
787 2303 865 2376 Nisi
890 2327 933 2373 ex
950 2299 1027 2372 aliis
1044 2299 1194 2389 iudiciis,
1213 2307 1305 2372 certe
1323 2325 1367 2371 ex
1386 2297 1442 2372 bis
1461 2303 1652 2399 praeceptis
1675 2299 1891 2399 intelligitur,

472 2407 749 2508 Pptliaqorieos,
789 2399 1021 2500 praeceptoris
1062 2394 1269 2474 monitorum
1314 2399 1401 2476 adeo
1438 2411 1600 2493 tenaces,
1643 2402 1783 2473 omuino
1807 2399 1897 2475 niti!

473 2511 555 2583 novi
580 2510 617 2579 in
641 2507 814 2577 civitatem
833 2503 1050 2576 introducere
1075 2502 1246 2576 debuisse.
1276 2499 1335 2575 Cl.
1360 2499 1494 2574 dambl.
1526 2497 1670 2597 §.12st
1706 2500 1791 2573 dam
1810 2525 1894 2574 vero

473 2609 580 2684 refert
610 2604 822 2705 Apollonius
857 2601 941 2707 (ap.
969 2601 1105 2676 dambl.
1142 2604 1176 2698 ξ.
1193 2597 1289 2675 255.
1302 2598 1339 2702 ),
1385 2601 1551 2700 quamdiu
1587 2599 1739 2676 Crotone
1773 2599 1896 2674 luisset

472 2711 714 2809 Pythagoras,
751 2709 994 2778 inconcussam
1025 2715 1061 2776 et
1089 2703 1256 2775 illibatam
1289 2703 1423 2776 stetisse
1457 2704 1603 2776 civitatis
1636 2699 1782 2776 formam
1812 2699 1894 2776 iuda

472 2811 517 2882 ab
543 2806 630 2881 urbe
654 2804 791 2878 condita
814 2806 1047 2876 constitutam.
1101 2802 1253 2877 Senatus
1276 2803 1382 2900 igitur
1397 2801 1548 2878 habebat
1568 2813 1768 2900 potestatem
1787 2803 1915 2876 ratio·

472 2913 511 2984 ui
534 2906 730 2982 reddendae
755 2904 849 2978 baud
874 2901 1079 2995 obnoxiam,
1110 2928 1181 2986 nou
1206 2926 1325 2987 omnes
1352 2903 1465 2997 cives,
1493 2902 1556 2977 sed
1578 2915 1691 2978 certae
1716 2929 1761 2981 ex
1786 2926 1893 2978 censu

472 3013 665 3108 descriptae
700 3005 832 3081 classes
866 3006 1082 3078 comitiorum
1107 3003 1291 3102 participes
1321 3013 1431 3076 eraut.
1484 3003 1591 3076 Hauc
1615 3006 1792 3103 antiquam
1818 3001 1891 3076 t‘or·

349 3175 353 3184 .
473 3139 565 3188 mam
602 3109 770 3208 abrogare
800 3105 985 3179 studebant
1025 3103 1140 3204 plebis
1176 3116 1450 3204 propugnatores
1486 3101 1616 3203 (quasi
1654 3096 1767 3203 (tripos
1803 3125 1893 3204 προ.

474 3207 667 3311 πάγαι),
710 3211 916 3304 Hippasus,
957 3207 1134 3281 Diodorus
1164 3216 1199 3280 et
1230 3205 1416 3304 Tbeaper,
1461 3229 1532 3304 quo
1567 3215 1721 3304 tempore
1755 3226 1891 3278 morum

471 3315 644 3417 ρῃνίω,
680 3309 844 3382 effrenata
863 3305 1002 3378 licentia
1026 3319 1062 3380 et
1080 3303 1279 3379 dominandi
1304 3304 1413 3379 libido
1436 3309 1591 3405 grassari
1615 3309 1748 3406 coepit,
1791 3301 1890 3402 flagi·

472 3428 606 3506 tantas,
646 3421 686 3484 ut
726 3433 845 3482 omnes
880 3409 973 3480 cives
1018 3416 1053 3478 et
1085 3409 1346 3504 magistratuum
1374 3417 1409 3478 et
1449 3409 1665 3481 comitiorum
1705 3404 1889 3503 participes

473 3520 615 3606 tierent,
643 3523 683 3586 ut
701 3522 814 3585 novus
837 3509 1056 3606 magistratus
1073 3505 1320 3604 Ephororum,
1347 3508 1439 3582 sicut
1461 3519 1556 3582 recte
1580 3507 1698 3605 adjicit
1718 3502 1913 3579 Welelse·¹

472 3646 535 3693 rus
566 3614 790 3716 (Prolegom.
818 3609 863 3682 ad
882 3608 1054 3708 Theop.
1081 3635 1119 3706 p.
1137 3603 1246 3703 d9.)‚
1283 3605 1405 3680 similis
1437 3604 1587 3706 (plebeji
1618 3607 1749 3681 ordinis
1772 3604 1895 3679 firma-x

470 3717 662 3816 mentum),
699 3722 894 3786 excuncta
918 3709 1135 3808 multitudiue
1159 3718 1251 3780 sorte
1277 3701 1569 3880 1anoreplebejo)
1596 3708 1800 3806 eligeretur,
1833 3706 1914 3778 em·
1966 3721 1972 3729 '

470 3825 531 3922 qui
572 3840 714 3890 munera
750 3814 954 3911 gessissent,
1004 3812 1172 3884 rationem
1213 3806 1276 3880 red
1300 3818 1408 3882 erent.
1484 3806 1566 3899 Quo
1604 3807 1744 3880 decreto
1777 3805 1890 3878 omnis

471 3921 686 4020 optimatium
719 3917 772 3984 vis
791 3911 947 3984 funditus
970 3909 1097 3984 abolita
1122 3918 1234 4002 esset,
1280 3911 1347 3982 nisi
1372 3909 1522 4007 graviter
1554 3906 1765 3980 obstitissent
1787 3900 1889 3980 Atei-

469 4021 636 4111 maehus,
672 4012 889 4105 Dimachus,
926 4013 1049 4088 Meton
1070 4023 1107 4084 et
1130 4009 1347 4084 bemocedes
1381 4007 1609 4104 Pythagorei.
1663 4005 1760 4098 erid
1781 4030 1889 4106 oppo-

470 4121 621 4220 nebant?
659 4144 698 4192 se
723 4113 816 4190 nolle
850 4111 921 4210 sair
956 4108 1117 4219 πάτριον
1153 4110 1357 4194 πολιτείαν
1391 4105 1545 4180 dissolvi.
1610 4101 1781 4208 Apollon-
1829 4129 1886 4205 sps

470 4289 934 4340 W.

514 4373 553 4460 1)
574 4370 667 4476 idem
696 4367 856 4456 siguificat
884 4363 1061 4454 symbolum
1080 4357 1257 4450 'autperto
1285 4385 1322 4429 rs
1347 4352 1398 4447 μὴ
1425 4356 1569 4427 τίλλειν·
1608 4361 1776 4440 ,mm
1812 4352 1920 4433 ,οὐξι

772 4449 779 4472 l

576 4474 705 4544 copone
733 4479 783 4553 pq
813 4454 1060 4538 λυμαίνεσθαι·
1091 4451 1251 4536 στέφανοι
1278 4439 1343 4536 yde
1373 4435 1502 4513 nitrea
1526 4431 1633 4517 adeor.
1659 4465 1710 4535 ap.
1732 4441 1891 4532 Porpbyn

579 4537 612 4634 §.
628 4541 679 4607 42.
701 4537 888 4626 Hieronym.
912 4557 940 4602 e.
961 4533 1069 4600 Rufio.
1091 4533 1149 4601 lIL
1178 4553 1206 4599 c
1221 4533 1272 4600 10.
1873 4585 1878 4592 .
