4428 5306
891 513 1158 666 ..π-ζ

303 745 372 817 lite
396 742 542 840 serpsit,
575 738 616 814 'rit
636 737 784 814 mriores
809 739 996 836 scriptores
1022 731 1221 838 ignorantes
1245 741 1499 837 repentinamm
1518 727 1725 822 seditionum

305 867 465 936 eausam,
506 841 602 914 illam
631 854 673 914 ut
704 839 907 914 clandestini
938 841 1103 930 consortii
1133 839 1243 914 indoli
1275 843 1429 942 apprime
1463 847 1723 923 convenientem

302 945 513 1043 arripuerint
535 955 571 1016 et
596 940 919 1027 disseminaverint?
1398 988 1402 996 ·

416 1045 550 1118 Verum
572 1044 609 1114 iu
634 1042 906 1144 disquisitionem
930 1063 1026 1114 nune
1050 1062 1233 1140 vocemus,
1263 1063 1352 1138 quae
1376 1040 1420 1113 de
1439 1043 1567 1116 ultimis
1586 1045 1720 1145 Pytha·
1759 1077 1762 1087 ·

301 1146 407 1244 goras
436 1143 516 1216 satis
540 1143 647 1218 literis
674 1145 879 1242 consignata
902 1153 996 1215 sunt.
1050 1141 1093 1215 Si
1115 1143 1331 1241 gravissimis
1350 1144 1552 1217 testimoniis
1578 1147 1742 1222 credeu··

301 1244 409 1336 dum,
435 1269 506 1318 non
528 1243 647 1318 aderat
670 1243 730 1316 ille
747 1240 918 1333 Crotone,
950 1267 1059 1342 quum
1081 1245 1319 1316 accusationes
1343 1244 1380 1314 in
1400 1245 1600 1342 synedrium
1620 1249 1722 1322 ador·

300 1355 479 1418 amentur.
548 1340 608 1417 Ac
639 1345 790 1443 primunt
821 1343 962 1442 quidem
997 1353 1116 1415 namt
1146 1339 1400 1434 Aristoxenus,
1442 1343 1613 1444 Cylonem
1707 1363 1724 1425 t

301 1457 479 1542 acceptam
504 1445 679 1543 repulsam
706 1469 787 1518 cum
812 1446 884 1516 suis
908 1445 1030 1516 amieis
1063 1467 1143 1518 acre
1167 1442 1299 1516 bellum
1331 1455 1452 1516 contra
1477 1443 1638 1545 philosop
1664 1477 1723 1524 urn

300 1541 445 1644 ejusque
481 1545 669 1643 discipulos
705 1546 918 1642 suscepisse,
963 1543 1178 1640 eandemque
1214 1543 1260 1616 ob
1301 1567 1440 1616 cansam
1470 1545 1724 1646 *Metapontum

299 1645 399 1717 illurn
423 1645 643 1738 discessisse,
678 1640 837 1718 Aristeu.
861 1667 919 1742 tp.
943 1644 1079 1718 dambl.
1114 1643 1152 1744 5.
1171 1639 1293 1737 249.,
1332 1668 1482 1740 quocum
1503 1651 1724 1725 consentiunt

276 1743 900 1941 fflduiuifflrffiii'
912 1743 1099 1941 ,illim
1130 1743 1290 1918 lilii
1306 1743 1429 1918 *bt
1455 1744 1722 1945 iiiiii

1074 1893 1087 1938 '
1292 1893 1303 1916 ⁰
1426 1895 1435 1915 ⁶
1522 1897 1533 1918 θ
1596 1899 1605 1919 ⁸
1709 1903 1718 1925 1

190 1993 193 2000 ·
300 1944 357 2017 ed.
395 1943 478 2018 Pet.
555 1945 673 2018 Portu
718 1945 823 2018 matht
860 1941 1104 2042 Apollonius,
1162 1969 1267 2041 quern
1304 1942 1381 2042 jam
1425 1966 1530 2044 snpra
1567 1949 1605 2020 in
1651 1949 1721 2026 hoc

300 2045 412 2117 menti
441 2067 582 2138 snmus,
624 2053 706 2143 post
733 2039 884 2116 dirutum
913 2043 1078 2142 Sybarim
1107 2053 1142 2127 et
1170 2047 1374 2143 prinsquam
1403 2045 1620 2148 Pythagorei
1650 2077 1722 2126 non

300 2167 345 2215 ex
373 2142 549 2217 voluntate
585 2145 706 2245 populi
744 2169 868 2244 agrum
899 2143 1137 2243 Sybariticum
1171 2144 1331 2218 distribui
1364 2146 1577 2241 voluissent,
1623 2176 1721 2249 prae.

300 2253 476 2341 captorem
506 2244 643 2320 abiisse.
697 2240 868 2344 Apollou.
896 2269 955 2344 ap.
978 2243 1114 2318 dambl.
1150 2241 1302 2344 §.aba
1355 2245 1456 2344 Ergo
1484 2274 1528 2320 ex
1557 2247 1614 2322 bis
1641 2256 1724 2328 ntis

300 2355 396 2418 offic
417 2346 584 2446 colligas,
612 2358 683 2418 tam
708 2345 815 2418 semel
838 2347 1044 2438 conceptum
1068 2343 1186 2414 odium
1211 2345 1372 2416 factionis
1393 2346 1609 2422 adversariae
1632 2357 1742 2450 puri,¹

301 2439 537 2518 culosissimos
566 2449 714 2539 impetus
745 2441 901 2512 societati
927 2439 1169 2531 intendenoes,
1202 2465 1307 2537 quam
1338 2465 1429 2540 quae
1459 2459 1620 2519 recusata
1647 2476 1668 2521 a
1712 2455 1721 2474 ‘

300 2541 540 2615 distributione
571 2539 786 2637 impenderet
818 2539 976 2632 minam,
1021 2538 1132 2612 brisso
1168 2539 1342 2614 dbcoesns
1374 2567 1510 2618 causes.
1584 2543 1639 2621 At
1694 2553 1745 2625 's'

300 2639 444 2736 obloqui
467 2639 630 2712 videntur
652 2639 891 2712 Dicaearchus
911 2649 946 2712 et
969 2642 1200 2714 accuratiores
1227 2642 1433 2740 scriptores,
1460 2645 1506 2718 ad
1525 2671 1614 2746 quos
1639 2675 1720 2748 pro.

300 2751 405 2814 wear
433 2739 654 2838 Porphyrius
687 2738 725 2840 S.
750 2737 845 2831 56„
885 2741 948 2838 qui
979 2751 1159 2838 praesente
1179 2739 1382 2841 Pythagora
1405 2745 1549 2820 insidias
1574 2761 1725 2828 structas

302 2835 442 2932 dieunt,
480 2865 692 2939 quamquam
714 2841 925 2914 counarium
947 2841 1037 2913 inter
1060 2865 1180 2914 ornnes
1199 2853 1360 2916 constare
1380 2857 1479 2943 putat
1498 2848 1723 2928 dambliehus

301 2939 340 3040 5.
358 2937 456 3014 948.
517 2938 717 3013 llolendum
743 2951 817 3032 est,
852 2940 1091 3039 Porphyrium
1115 2943 1153 3014 iu
1177 2940 1246 3015 hac
1270 2944 1345 3040 ipsa
1369 2949 1587 3041 narratione,
1618 2977 1738 3050 quam·

301 3041 400 3114 vides
432 3039 568 3134 obstare
599 3039 823 3132 Aristoxeni,
857 3035 1062 3136 Apollonii,
1102 3065 1191 3138 qnos
1219 3046 1491 3119 accuratioribus
1523 3053 1724 3144 auctoribus

300 3139 576 3214 adnumerandos
599 3167 662 3213 uos
681 3163 884 3230 censemus,
910 3139 1045 3232 verbis,
1071 3140 1160 3213 adeo
1176 3139 1326 3214 breviter
1347 3150 1560 3244 excerpsisse
1579 3154 1721 3250 scripta,

301 3263 391 3340 qaae
422 3240 528 3314 livida
560 3238 662 3312 uobis
695 3238 818 3312 invidit
850 3237 1002 3311 fortuna.
1072 3241 1154 3314 Nisi
1181 3242 1264 3314 istas
1295 3243 1438 3318 iusidias
1468 3248 1629 3351 intelligit
1657 3255 1745 3326 ni·-

302 3341 491 3414 caearohus
510 3365 589 3412 curn
608 3339 684 3412 aliis
701 3337 936 3438 Cyloncorum
954 3338 1094 3412 occulta
1106 3339 1341 3442 Pythagoreis
1359 3349 1558 3423 omnimodo
1576 3355 1725 3428 nocendi

301 3441 437 3533 surdis,
477 3451 660 3537 antequam
675 3439 831 3536 'Milonis
862 3439 1005 3512 domum
1035 3441 1281 3536 incenderent,
1320 3469 1402 3518 vere
1430 3473 1510 3519 eum
1542 3450 1723 3529 dissentire

303 3540 523 3614 statuendum
555 3551 628 3632 est,
666 3538 766 3640 cujus
797 3541 938 3638 quidem
969 3540 1144 3614 dissensus
1172 3545 1341 3616 rationem
1368 3543 1495 3620 addere
1521 3553 1719 3627 nonlicet.

304 3639 379 3715 Sed
399 3643 584 3739 prolixiore
604 3643 757 3714 oratione
782 3643 1006 3739 prosequitur
1029 3640 1249 3740 Porphyrius
1273 3635 1518 3746 philosophum
1543 3649 1721 3726 disceden-

303 3751 387 3824 tem.
463 3742 601 3816 Relicta
634 3741 787 3817 Crotone
824 3744 975 3840 primurn
1010 3743 1049 3814 in
1085 3741 1257 3816 Ganlouio
1293 3757 1397 3842 portu
1431 3763 1622 3823 servatum¹
1641 3753 1724 3830 iude

304 3839 441 3918 Locros
468 3845 679 3916 comesdsse
707 3846 790 3938 aity'
812 3841 1018 3916 Locrorum
1036 3853 1151 3916 autem
1174 3842 1284 3918 serrae
1307 3869 1429 3920 omnes
1456 3875 1565 3947 quum
1588 3853 1723 3952 Pytha·

306 3966 411 4040 garae
438 3946 598 4018 virtutem
622 3935 714 4018 ferre
743 3967 814 4016 non
843 3945 1037 4041 potuissent
1066 3942 1152 4040 (vid.
1180 3947 1319 4044 supra),
1352 3948 1523 4048 relegasset
1547 3977 1626 4024 enm
1650 3957 1723 4028 Ta.

306 4053 467 4138 rentum,
503 4045 574 4118 illie
605 4072 689 4121 vero
714 4071 823 4144 quum
855 4043 947 4116 idern
975 4045 1008 4116 ei
1035 4071 1156 4116 rursus
1186 4047 1390 4142 accidisset,
1429 4050 1524 4148 quod
1554 4051 1722 4149 Crotone,

306 4139 549 4238 Metapontum
574 4145 888 4242 profectumesse3
920 4170 991 4243 quo
1015 4146 1052 4218 in
1077 4145 1244 4240 lechone,
1272 4160 1457 4249 postquam
1477 4154 1515 4223 in
1540 4154 1724 4230 Musarum

307 4241 437 4342 templo
477 4244 776 4342 quadragesimum
813 4249 850 4318 iu
891 4245 983 4317 dictu
1022 4246 1172 4318 inediam
1212 4253 1456 4346 protraxisset,
1506 4257 1608 4328 morti
1644 4284 1724 4330 eum

308 4341 514 4418 ccouhuisse
538 4341 644 4414 addit.
698 4346 758 4418 cf.
782 4346 928 4419 eundem
950 4346 1159 4418 Dicaearch.
1180 4373 1238 4446 ap.
1259 4351 1366 4450 [ling.
1387 4352 1506 4430 Lrert.
1523 4357 1631 4446 Vlll,
1653 4355 1722 4430 40.
1840 4349 1846 4355 ’

309 4467 413 4540 quem
439 4445 549 4516 secuti
580 4442 740 4516 videntur
763 4446 896 4518 dnstiu.
923 4446 1021 4536 XX,
1046 4443 1086 4520 4.
1141 4448 1313 4522 Themist.
1341 4452 1368 4523 l.
1396 4481 1439 4523 su
1463 4481 1501 4526 ra
1526 4456 1551 4527 l.
1606 4458 1723 4530 Trete.

311 4543 404 4618 Ctrit.
434 4537 1146 4644 x1,92.a‹1a.rtrinox.ap.tantt.
1184 4547 1327 4644 §.tia
1363 4481 1564 4653 (Mabniurn
1588 4555 1726 4660 pita.)

1179 4663 1351 4780 'lb‘
