4428 5306
1050 503 1395 580 -·,96..’

465 699 559 782 tare,
592 687 648 760 vel
672 686 894 787 injustissime
921 689 998 764 lusa
1023 691 1080 764 vel
1105 693 1303 790 turpissime
1327 689 1409 766 fieta
1432 717 1518 766 esse.
1573 691 1787 796 Apollonius
1816 708 1891 806 ipse

468 792 543 892 (ap.
571 787 707 863 dambl.
735 789 773 888 S.
793 787 910 891 258.)
933 793 1018 890 satis
1044 795 1226 892 perspicue
1252 791 1388 892 prodit,
1415 793 1589 868 Ninonern
1616 803 1829 900 simulasse,
1853 835 1893 884 se

468 917 611 964 arcanar
626 889 942 990 Pythagoricorum
983 893 1179 992 explorasse
1191 923 1202 989 3
1246 898 1456 968 miramum
1495 897 1625 995 igitur,
1664 905 1694 978 si
1727 905 1785 979 bic
1818 909 1891 984 illic
1990 917 1992 924 ’

469 1006 606 1091 arrepta
641 995 877 1091 praeceptoris
913 993 1005 1066 dicta
1033 1022 1138 1068 sensu
1167 999 1285 1088 varia,
1327 1021 1418 1096 quae
1450 998 1674 1076 criminandis
1709 1004 1892 1106 discipulis

326 1103 329 1110 '
467 1097 616 1170 maxime
642 1092 766 1166 idonea
791 1093 1017 1187 videbantur,
1050 1098 1086 1168 in
1117 1123 1224 1172 ustum
1251 1097 1395 1171 collecta
1421 1096 1514 1170 haud
1545 1101 1660 1198 inepto
1693 1108 1794 1184 titulo
1818 1137 1890 1184 ser.

468 1197 581 1268 monis
605 1194 695 1268 sacri
722 1198 909 1288 notaverit,
938 1198 1158 1270 etiannum
1181 1225 1283 1270 marm
1306 1199 1488 1273 falsissime
1509 1201 1733 1304 explicaverit
1751 1214 1890 1309 nequis.

467 1299 575 1370 simus
599 1292 776 1396 h0m01).
836 1295 937 1370 Nihil
961 1299 1071 1396 magis
1096 1299 1342 1374 ridiculum-et
1356 1301 1507 1374 Ninonis
1529 1304 1683 1397 putidam
1702 1311 1891 1386 mendaciis

424 1413 445 1446 .,
467 1397 635 1496 populum
667 1397 834 1486 onerandi
865 1410 974 1472 artem
1008 1403 1185 1500 coarguit,
1227 1427 1333 1498 quam
1365 1402 1511 1476 nitidum
1543 1404 1637 1478 istud
1669 1423 1922 1511 praeceptum,
2050 1413 2057 1420 -
2194 1400 2195 1434 v

467 1489 679 1601 capraritias
705 1494 937 1672 cipli-readers,
959 1499 1059 1598 cujus
1083 1525 1222 1574 eausam
1251 1527 1338 1604 enm¹
1355 1503 1392 1574 in
1419 1515 1508 1576 tecta
1535 1511 1790 1584 consociatione
1817 1524 1890 1587 tum
1926 1507 1930 1526 ¹

454 1604 503 1672 in
537 1595 682 1674 consilio
715 1601 726 1670 i
808 1612 942 1675 secreto
973 1601 1078 1674 latere
1108 1602 1328 1676 crediderim.
1388 1603 1462 1676 Sed
1487 1609 1628 1680 neeesse
1657 1621 1732 1682 erat
1756 1611 1891 1708 aliquid

465 1695 561 1800 {prod
585 1703 680 1775 omni
706 1702 831 1774 virium
858 1705 1075 1776 contentione
1109 1707 1297 1802 exstirpare
1333 1704 1531 1778 nitebantur
1564 1706 1787 1808 philosophi,
1823 1713 1889 1784 tiu·

466 1830 568 1902 gere,
608 1829 679 1900 quo
708 1801 855 1874 celerius
886 1805 1157 1902 exstirparentur
1188 1817 1222 1878 et
1252 1807 1331 1902 ipsi.
1393 1807 1470 1880 Nec
1497 1810 1593 1903 qnod
1624 1812 1661 1884 in
1687 1815 1774 1884 votis
1800 1826 1887 1906 erat,

467 1905 513 1976 ad
545 1905 680 1976 irritum
712 1903 890 1978 redactum
925 1916 989 1978 est.
1064 1904 1168 1979 Adeo
1203 1907 1380 1979 etloratnm
1411 1907 1637 1983 reddiderunt
1671 1924 1891 1988 accusatores

469 2005 653 2102 deceptum
686 2005 855 2102 populum
886 2005 1066 2078 calumniis
1095 2009 1187 2098 suis,
1223 2017 1261 2084 ut
1290 2009 1378 2080 intra
1408 2006 1513 2080 breve
1539 2019 1674 2108 tempus
1696 2039 1760 2110 per
1784 2024 1891 2088 totam

467 2105 605 2178 ltaliam
638 2106 889 2278 ἷίτοοίεείἑιὲυίη
920 2103 1051 2178 bellum
1082 2108 1120 2178 in
1145 2107 1386 2207 Pythagoreos
1417 2109 1661 2207 susciperetur.
1716 2110 1887 2211 Apollon.

469 2234 488 2278 a
518 2261 527 2279 .
555 2207 639 2280 dam
664 2206 691 2276 l.
751 2258 760 2276 .
869 2260 879 2278 .
1095 2207 1101 2214 ’
1875 2281 1881 2290 ,

490 2235 513 2306 p
582 2307 641 2379 Ex
665 2203 904 2380 bisgomnibns
926 2307 1149 2408 intelligitur,
1185 2308 1421 2383 Crotoniensis
1448 2307 1585 2408 collegii
1610 2315 1889 2409 exstirpationem

468 2405 648 2481 frondibus
676 2417 809 2492 tantum
842 2419 875 2482 et
908 2409 1039 2482 artibus
1073 2409 1445 2483 turbulentissimorum
1477 2407 1636 2484 factionis
1673 2413 1889 2485 adversariae

468 2509 617 2604 diaeum,
646 2511 706 2607 qui
725 2509 845 2607 populi
867 2535 1006 2582 cannam
1026 2535 1064 2584 sc
1086 2537 1188 2612 agcrp
1208 2509 1437 2602 simulabant,
1466 2509 1649 2584 adductam
1672 2539 1759 2586 esse.
1815 2513 1889 2587 Sed

467 2615 498 2684 si
526 2611 673 2684 aliorum
699 2614 905 2708 scriptorum
922 2623 1060 2683 narrata
1082 2614 1315 2703 excutiamus,
1354 2609 1465 2684 omnis
1492 2611 1594 2710 culpa
1610 2604 1794 2710 'causaque
1819 2641 1890 2688 non

331 2795 341 2810 Ι
383 2743 390 2754 ·
469 2726 647 2808 tantopere
680 2713 716 2782 in
748 2713 832 2783 istos
863 2711 1042 2784 seditiosos
1075 2711 1252 2804 homines,
1298 2737 1401 2810 praru
1435 2713 1471 2783 in
1505 2715 1620 2810 ipsum
1648 2714 1915 2813 Pythagoram

469 2813 525 2884 vel
557 2809 800 2910 Pythagoreos
829 2822 882 2882 est
911 2810 1132 2886 eonferenda.
1197 2809 1416 2883 Attestantur
1447 2813 1697 2912 Theopompus
1730 2827 1765 2888 et
1795 2817 1889 2889 ller-
1956 2869 1959 2874 -

471 2914 631 3009 mippus,
661 2937 765 3010 quam
785 2910 898 2984 bonus
920 2911 1140 3011 Pythagoras
1160 2911 1386 2984 introduxerit
1404 2913 1689 3014 instillaveritqne
1711 2916 1889 3015 discipulis

471 3013 610 3112 philoso
634 3011 747 3105 biam,
782 3012 826 3084 ad
859 3013 1002 3086 insidias
1016 3009 1166 3086 'civibus
1180 3012 1376 3085 struendas
1408 3015 1612 3110 pertinuisse
1648 3015 1727 3117 (ap.
1752 3014 1903 3092 Athen„

372 3121 377 3140 ¹
470 3116 519 3191 V.
549 3142 582 3188 e.
603 3039 712 3218 db),
739 3117 854 3214 itaque
881 3115 996 3190 dicere
1019 3125 1152 3216 poterat
1175 3115 1359 3206 destinas,
1386 3097 1543 3188 tre'cenrrs
1565 3141 1674 3214 qnnm
1697 3129 1887 3216 separatam

471 3242 492 3288 a
526 3217 646 3288 ceteris
677 3214 811 3288 nivibus
843 3219 948 3288 vitam
982 3229 1202 3310 exercerent,
1246 3218 1345 3314 quasi
1378 3225 1512 3288 coctum
1546 3216 1779 3291 clandestinae
1804 3243 1911 3300 com,

464 3317 651 3417 jurationis
671 3315 868 3405 'haberent,
911 3318 1083 3390 civitatem
1116 3321 1150 3388 in
1181 3344 1218 3392 se
1246 3319 1458 3392 convertisse
1499 3315 1654 3417 (dustin.
1673 3319 1774 3410 XX,
1803 3317 1886 3490 423
1989 3332 1992 3341 “

471 3417 695 3518 similiterque
732 3413 935 3510 Arnobius,
982 3416 1220 3518 Pythagoram
1259 3418 1454 3512 suspicione
1487 3419 1663 3492 affectatae
1696 3421 1889 3517 tyranniis

471 3521 589 3592 vivum
611 3531 866 3596 concrematum
891 3545 989 3612 esse,
1025 3514 1165 3591 Arnob.
1195 3517 1275 3589 adv.
1300 3515 1406 3589 Gent.
1431 3518 1463 3589 1.
1492 3544 1526 3591 c.
1545 3517 1613 3592 40.
1643 3519 1690 3592 ol'.
1714 3517 1885 3618 Apellen,

471 3619 894 3796 concinant·
910 3622 1062 3794 ,aa
1087 3618 1362 3818 „cetastis
1384 3615 1894 3794 {utzeticae

380 3879 384 3884 -
471 3835 510 3897 nt
532 3823 699 3922 probrum
724 3822 898 3920 objectum
914 3835 998 3910 ‚erat
1021 3821 1259 3922 philosophis,
1287 3820 1540 3919 philosophiam
1566 3847 1685 3896 eornm
1707 3847 1784 3896 esse
1804 3847 1887 3895 con·

470 3928 690 4024 spirationem
718 3935 837 3996 oonha
862 3922 1019 4022 plebem,
1056 3935 1090 3996 et
1115 3919 1353 4014 confiteberis,
1389 3923 1489 3994 ismm
1514 3922 1609 3994 illam
1640 3924 1886 4022 suspicionem,
1937 4009 1941 4020 ,

469 4053 574 4122 quam
592 4025 668 4125 jam
693 4022 875 4098 Arnobius
899 4024 1062 4125 injustam
1085 4034 1205 4114 vocat,
1241 4023 1416 4096 affectatae
1439 4023 1652 4121 tyrannidiS,
1686 4026 1842 4122 proxime
1867 4047 1889 4094 a

471 4125 627 4224 Cylonea
659 4127 808 4200 factione
839 4122 984 4225 ejusque
1017 4124 1222 4197 criminandi
1256 4123 1371 4196 studio
1404 4126 1608 4196 concitatam
1643 4151 1731 4198 esse.
1782 4120 1889 4197 Adde
2004 4191 2007 4200 .

471 4225 640 4326 Apellen.
670 4256 728 4328 ap.
763 4225 898 4302 dambl.
936 4227 973 4329 S.
994 4223 1087 4299 261.
1141 4223 1239 4316 Quid
1253 4223 1359 4351 ¹‹parod
1389 4221 1497 4297 semel
1522 4237 1613 4300 mota
1639 4227 1793 4324 suspicio
1818 4237 1889 4298 mm

515 4479 553 4562 1)
575 4476 829 4652 ἑηάἔδὲἀεςίυω
861 4471 913 4550 Ου’
940 4472 1019 4548 adds
1039 4466 1137 4548 incia⁸
1151 4475 1204 4546 tot
1229 4475 1398 4552 Νίνωνος.
1445 4471 1518 4541 Vid.
1545 4473 1685 4564 Apellen.
1707 4501 1758 4565 ap.
1776 4477 1889 4581 ,lumbi
