4428 5306
1060 411 1320 499 542-

481 619 545 684 ret.
599 603 681 676 Hae
714 603 771 675 sia
804 599 1065 674 tundamentum
1095 598 1232 698 jactum
1257 611 1310 674 est
1333 603 1504 678 societatis
1537 603 1583 674 ab
1615 609 1691 704 ipso
1726 609 1896 686 eondirae.
1989 591 1992 606 ¹

481 709 584 798 Hac,
619 704 720 795 dieo,
758 705 840 793 via,
870 727 951 772 nam
985 703 1161 774 civitatmn
1197 702 1335 800 qualem
1368 702 1586 800 depinximus
1616 719 1727 797 status
1750 713 1792 782 iu
1823 711 1930 808 pha„

481 805 618 906 losopbi
643 803 795 876 adveatu
818 801 978 888 admonet
1006 827 1094 894 nos,
1125 827 1352 898 aperucrsa,
1391 829 1436 876 ne
1463 803 1577 876 dicam
1603 805 1754 882 absurda
1783 837 1909 892 eorum¹

484 910 644 1007 opinione
667 903 889 995 recedamus,
924 904 984 1000 qui
1008 901 1248 1001 Pphagoranr
1272 931 1351 977 rem
1376 908 1641 999 imaginariam
1663 925 1698 981 et
1724 927 1903 1008 tanquam

434 1013 436 1018 ’
486 1017 526 1084 in
551 1015 679 1078 somno
702 1019 916 1100 capartorem
938 1005 1075 1098 assequi
1098 1001 1248 1076 voluisse
1270 1005 1549 1077 existimaverint.
1611 1005 1835 1084 Orationibus
1859 1013 1904 1084 ad

483 1108 701 1184 Crotoniatas
727 1103 875 1195 habitis,
910 1101 1086 1176 concludit
1108 1102 1348 1176 Dicaearchus
1372 1129 1431 1202 ap.
1455 1105 1633 1204 Porphyr.
1675 1108 1712 1208 ἓ.
1741 1108 1805 1182 19.
1841 1138 1899 1210 ap.

485 1205 678 1284 Jambbcb.
696 1202 781 1297 57,
809 1216 905 1278 tanto
927 1203 1042 1276 studio
1060 1201 1305 1300 philosophum
1317 1203 1615 1303 prosequebantur
1627 1207 1788 1283 Crotonis
1809 1211 1905 1288 etad

484 1333 573 1410 quos
591 1304 788 1405 percrebuit
803 1305 1024 1404 Pythagorae
1041 1303 1154 1396 lama,
1182 1303 1405 1377 finitimarum
1422 1307 1599 1378 ciuitatum
1619 1307 1786 1406 juvenes,
1811 1324 1850 1396 ut
1866 1314 1906 1386 iu

483 1411 557 1510 ejus
581 1409 793 1500 consortium
817 1407 973 1479 venirent
996 1415 1031 1476 et
1055 1414 1246 1508 separatam
1266 1408 1462 1480 societatem
1489 1409 1633 1480 coirent.
1694 1411 1777 1484 Hac
1797 1435 1903 1510 expo·

482 1513 627 1602 sitione,
679 1509 817 1606 optimis
852 1503 1079 1603 scriptoribus
1120 1503 1291 1598 stabilita,
1349 1532 1513 1605 apparere
1556 1509 1680 1603 eredo,
1730 1511 1905 1608 monendo

483 1613 580 1686 initio
616 1635 652 1682 se
682 1609 831 1708 gesserit
863 1606 1084 1704 Pythagoras
1121 1609 1159 1678 in
1189 1605 1468 1684 Crotoniatarum
1506 1610 1661 1702 ciuitate,
1709 1613 1905 1711 quibusque

484 1711 648 1809 atrspieiis
674 1708 866 1792 condiderit
890 1708 1099 1778 societatem.
1161 1704 1336 1804 Corrupto
1360 1710 1465 1806 igitur..
1487 1719 1560 1783 erat
1585 1713 1731 1787 civitatis
1757 1713 1906 1804 indoles,

484 1811 638 1892 certabat
674 1807 824 1905 populus
855 1830 935 1878 cnm
967 1803 1201 1903 optimatibus.
1232 1847 1284 1862 --
1348 1809 1578 1883 Pervenimus
1615 1837 1710 1886 nunc
1748 1814 1794 1888 ad
1830 1841 1904 1886 mo·

485 1922 639 1984 mentum
662 1907 748 1980 illud
773 1907 1086 2003 exoptatissimum,
1130 1919 1200 2005 quo
1225 1917 1381 1980 nostrum
1408 1920 1481 1999 est,
1520 1913 1692 1988 societatis
1726 1913 1907 2014 Pythago·

483 2015 575 2086 ricae
598 2009 799 2100 historiam,
825 2003 956 2106 'adhuc
979 2019 1217 2104 praeparatam
1243 2019 1277 2080 et
1301 2007 1518 2100 inchoatam,
1564 2013 1612 2082 ita
1636 2013 1830 2106 illustrare,
1868 2026 1910 2088 ut

484 2135 633 2210 scopus,
660 2121 777 2208 'wem
802 2104 981 2180 condenda
1006 2105 1126 2178 schola
1150 2131 1221 2178 non
1243 2105 1358 2180 solnm
1391 2109 1643 2204 assequendum
1677 2113 1761 2208 sibi,
1778 2137 1908 2212 propo·
1979 2175 1981 2180 ,

335 2223 347 2307 ἰ
482 2214 552 2288 suit
575 2209 820 2311 Pythagoras,
868 2205 931 2279 scd
962 2231 1000 2280 re
1024 2231 1106 2280 vera
1140 2217 1317 2280 assemtus
1351 2219 1427 2300 est,
1482 2219 1651 2304 qnantum
1682 2211 1759 2285 lieri
1794 2227 1910 2313 potest

237 2363 242 2374 „
392 2398 398 2404 ,
485 2324 604 2388 exacte
636 2322 671 2384 et
704 2305 855 2382 dilucide
882 2317 1014 2404 patent.
1081 2303 1451 2405 Circumspicientibus
1478 2307 1577 2380 nobis
1602 2312 1766 2408 optimam
1791 2315 1908 2410 inqui·

484 2413 584 2489 rendi
615 2414 803 2502 rationem,
844 2403 1017 2505 simulque
1051 2406 1337 2504 perlustrantibus
1362 2433 1479 2480 rerum
1503 2411 1822 2506 pertractandarum
1849 2441 1909 2486 co·
2008 2409 2013 2421 '

485 2518 578 2613 piam
614 2511 843 2602 uberrimam,
889 2508 1251 2582 convenientissimum
1288 2510 1404 2581 visum
1435 2520 1507 2602 est,
1557 2513 1708 2608 primum
1741 2513 1910 2593 disserere

488 2615 531 2693 de
553 2609 702 2698 sodalitii
725 2611 909 2698 institutis,
957 2618 1032 2678 tum
1065 2606 1108 2677 de
1139 2607 1361 2704 Pythagorae
1390 2607 1608 2707 philosophia
1639 2612 1782 2712 ejusque
1814 2642 1910 2693 gum.
1969 2656 1973 2666 .

194 2789 197 2796 ,
338 2774 345 2802 ,
488 2736 546 2785 mo
565 2710 759 2809 principio,
794 2718 963 2808 qnatenus
988 2705 1170 2776 cohaereat
1194 2729 1275 2776 cum
1296 2717 1436 2778 exoerna
1457 2709 1707 2806 discipulorum
1731 2717 1834 2806 sita,
1850 2717 1911 2790 de.
2026 2715 2028 2720 ’

256 2889 259 2898 ,
375 2849 379 2858 ·
487 2813 594 2908 nique
619 2807 670 2882 de.
686 2809 837 2901 ratione,
872 2829 961 2903 qnae
985 2805 1139 2898 societati
1166 2828 1246 2892 eum
1272 2803 1424 2878 Crotone
1445 2817 1479 2878 et
1500 2812 1621 2882 ceteris
1646 2811 1767 2886 ltaliae
1790 2817 1910 2886 civite·
2022 2869 2025 2884 .

487 2910 582 2985 tibus
599 2909 844 3002 intercesserit,
871 2905 974 2980 dmul
993 2904 1036 2978 de
1054 2905 1296 3004 exstirpatione
1315 2899 1553 3004 collegiorum,
1581 2908 1742 2986 Crotonis
1763 2915 1911 2986 maxime

453 3043 455 3050 ’
488 3024 647 3113 respectu
668 3008 800 3090 babitu.

1130 3385 1270 3516 ΙΙΙ.

515 3629 545 3679 .’
603 3609 647 3685 Si
676 3609 748 3682 nlla
779 3611 816 3681 in
847 3633 885 3682 re
917 3607 1155 3708 Ppthagorica
1189 3633 1331 3684 necesse
1366 3619 1422 3682 cst
1457 3622 1617 3684 excutere
1648 3620 1682 3683 et
1717 3607 1914 3685 discernere

491 3705 666 3808 tempora,
701 3707 827 3805 quibus
846 3711 997 3808 &noina
1019 3711 1242 3810 Pythagorae
1267 3719 1361 3784 secta
1380 3711 1523 3806 uixerit,
1560 3713 1596 3783 in
1622 3735 1672 3806 ca
1685 3719 1786 3814 certe
1800 3722 1912 3808 parte,

492 3809 629 3910 quade
652 3808 800 3882 sodalitii
821 3811 1035 3882 institutione
1061 3815 1187 3910 agitur,
1215 3811 1467 3910 quammaxime
1488 3811 1736 3982 expostulatur.
1782 3810 1913 3902 Quem·

491 3909 677 4008 admodum
702 3911 794 3984 enim
824 3907 989 4006 Orpheus
1014 3910 1058 3982 ab
1082 3911 1267 4010 Orphicis,
1308 3912 1529 3986 Homerusa
1574 3909 1797 4002 Homeridis,
1837 3911 1914 3985 He·

492 4011 609 4084 modus
632 4009 677 4082 ab
708 4011 909 4106 insequente
934 4013 1157 4087 Baemiorunr
1180 4025 1367 4110 ,poetarum
1400 4011 1519 4085 schola
1546 4009 1655 4106 probe
1683 4010 1916 4111 distinguendi

493 4123 593 4202 sunt,
630 4113 683 4184 sie
702 4109 923 4210 Pythagoras
952 4111 1224 4212 aPptbagorcis
1249 4137 1291 4186 ac
1306 4109 1601 4212 Pythagoristis.·
1627 4111 1672 4186 In
1696 4124 1766 4186 tota
1781 4112 1915 4211 Pytha-

486 4211 632 4309 'garieae
659 4209 901 4310 philosophice
929 4211 1072 4287 historin
1103 4225 1250 4310 quatum
1290 4222 1416 4286 aetates
1453 4209 1542 4284 bene
1578 4223 1659 4284 sunt
1690 4206 1913 4312 separandae,

494 4333 642 4408 quarum
665 4312 777 4408 prima
796 4311 1037 4410 complectitur
1056 4317 1191 4410 priscos
1214 4323 1250 4386 et
1278 4313 1446 4412 genuinos
1462 4311 1684 4414 Pythagorae
1704 4313 1861 4384 alumnos
1881 4323 1916 4384 et

493 4412 666 4486 societatis
689 4409 847 4505 sodales,
878 4412 984 4512 vulgo
1015 4413 1077 4488 scd
1094 4413 1197 4486 haud
1223 4423 1418 4486 constanter
1439 4413 1753 4516 Pythagoricorum
1778 4413 1916 4486 nomine
