4428 5306
799 605 1120 714 1...ον--

274 791 465 868 rationibus
501 805 535 866 et
559 787 840 890 proportionibus
868 799 1128 882 constructum,
1164 788 1368 889 dispositum
1393 799 1497 890 atque
1514 789 1698 870 delinitum

239 949 245 974 .
275 905 350 989 cst3
377 895 494 967 omnia
516 895 689 966 contraria
714 904 749 965 et
774 879 1007 964 discordantia
1031 891 1079 962 ita
1103 903 1300 990 comparata
1316 895 1426 985 sunt,
1458 904 1497 964 ut
1516 891 1697 966 harmonia

276 995 386 1088 duce,
424 994 545 1067 relicta
578 993 720 1064 inimica
749 1002 895 1086 natura,
939 993 975 1062 iu
1012 991 1161 1064 amicum
1197 1009 1403 1065 consensum
1440 996 1638 1090 conspirent
1663 1006 1697 1069 et

276 1096 491 1188 coalescant,
520 1120 590 1194 quo
606 1096 763 1165 internus
787 1087 920 1188 κόσμος
942 1093 1016 1164 sive
1042 1093 1163 1164 muudi
1182 1104 1324 1166 ornatus
1350 1105 1384 1166 et
1412 1106 1599 1168 concentus
1625 1099 1696 1170 exi-

275 1207 355 1268 stat.
415 1195 543 1268 Omnia
575 1196 680 1292 igitur
709 1191 906 1266 reseruntur
929 1191 975 1264 ad
1004 1193 1197 1286 unitatem,
1249 1205 1366 1291 aptam
1400 1197 1698 1270 concinnationem

276 1307 311 1378 et
335 1321 537 1396 compagem
569 1291 730 1396 (ἕνωσιςι
770 1289 1002 1397 συναρμογιί)
1029 1305 1064 1366 et
1087 1291 1308 1367 concordiam
1330 1295 1368 1366 in
1392 1294 1524 1368 mundo
1548 1322 1697 1396 regnan·
1759 1361 1767 1370 .

277 1407 345 1469 tom
371 1395 616 1494 explorandam
636 1394 963 1492 monstrandamque
989 1395 1172 1488 (Panacm.
1197 1393 1307 1494 Pyth.
1329 1419 1386 1490 ap.
1409 1389 1559 1468 Aristid.
1583 1397 1633 1489 Q.
1656 1397 1699 1474 de

276 1495 373 1570 Mus.
401 1497 434 1568 1.
480 1524 517 1597 p.
537 1492 621 1596 5.)3
661 1493 841 1568 harmonia
874 1508 926 1568 est
956 1497 1076 1570 intima
1108 1495 1229 1566 mundi
1261 1497 1332 1566 vita
1357 1496 1473 1568 omnia
1498 1498 1697 1595 suscipiens

277 1599 461 1694 omniaque
492 1596 726 1670 conthrmans.
788 1597 979 1668 Enimvero
1012 1620 1234 1668 numerorum
1261 1594 1452 1668 doctrinam
1487 1621 1559 1670 non
1583 1598 1698 1674 solutu

276 1697 321 1768 ad
340 1723 396 1768 res
418 1697 553 1769 divinas
567 1707 609 1774 ¹et
628 1695 793 1769 coelestes
819 1694 1004 1768 adhibebat
1028 1695 1279 1794 philosophus,
1307 1694 1368 1768 sed
1394 1697 1495 1767 etiarn
1519 1695 1565 1767 ad
1589 1700 1697 1772 vitam

275 1796 464 1868 humanam
488 1795 916 1893 hominumque-instituta
938 1819 1112 1894 operaque
1137 1793 1405 1895 transponehat,
1447 1795 1541 1896 quod
1563 1797 1696 1896 signifi·
1838 1870 1844 1880 ,
1914 1747 1939 1878 ,ι

277 1917 355 1970 care
380 1896 518 1970 videtur
539 1894 743 1988 Philolaus,
778 1895 922 1990 diceus,
956 1922 1179 1972 numerorum
1203 1908 1363 1969 naturam
1387 1908 1422 1969 et
1446 1899 1517 1968 vim
1543 1900 1698 1972 animad-

274 2009 406 2070 vertere
431 1997 537 2070 licere
557 2022 629 2069 non
649 1997 752 2070 modo
776 2003 818 2096 ιἐν
845 2002 920 2080 τοῖς
943 1988 1136 2092 δαιμονίοις
1160 1995 1228 2092 καί
1248 1996 1368 2080 θείοις
1386 1993 1607 2102 πράγμασι,
1634 1999 1696 2074 scd

274 2099 377 2170 etiam
403 2102 443 2176 ἐν
473 2101 548 2178 τοῖς
572 2093 831 2202 ἀνθρωπικοῖς
856 2099 975 2202 ἔργοις
999 2099 1066 2178 καὶ
1096 2094 1223 2198 λόγοις
1248 2105 1345 2179 ποῖσι
1375 2106 1530 2187 παντοῖ,
1556 2097 1690 2202 Philol.

275 2221 331 2294 ap.
354 2197 457 2270 Stoh.
475 2199 516 2291 1,
541 2195 589 2292 2,
614 2196 655 2270 5.
684 2226 721 2297 p.
740 2195 806 2274 10.
835 2199 909 2301 (ap.
930 2199 1088 2275 Boeclrh.
1117 2229 1154 2299 p.
1174 2195 1253 2273 ldl
1270 2212 1305 2274 et
1321 2196 1448 2302 144).
1500 2201 1571 2274 His
1596 2228 1695 2299 prae·

272 2299 386 2370 missis
407 2298 648 2372 demonstrare-
664 2300 919 2398 ingrediamur,
954 2327 1059 2400 qnam
1084 2313 1163 2400 apte
1188 2301 1233 2374 ad
1249 2302 1429 2399 politicum
1454 2289 1559 2374 linem
1583 2313 1693 2376 trans·

273 2395 453 2472 serendum
472 2401 517 2472 sit
539 2399 626 2471 illud
648 2426 820 2471 summurn
844 2403 1065 2497 principium,
1094 2400 1189 2495 quod
1209 2403 1244 2471 in
1266 2425 1382 2472 rerum
1407 2412 1531 2472 natura
1555 2428 1694 2499 expres·

273 2522 351 2570 sum
376 2501 504 2596 reperit
527 2497 771 2596 Pytlragoras3
815 2523 905 2596 quae
938 2499 1078 2595 quidem
1102 2499 1349 2571 demonstratio
1372 2501 1499 2596 optime
1531 2500 1695 2578 succedet

271 2607 368 2688 tum,
417 2624 526 2694 quum
552 2597 714 2696 dogmata
740 2596 909 2696 quaedam
932 2601 1079 2671 civitatis
1102 2599 1287 2698 imaginem
1308 2597 1515 2672 exhibentia
1532 2627 1576 2672 ex
1599 2599 1694 2700 frag·

272 2698 396 2768 mentis
421 2695 707 2795 philosophorum
732 2697 953 2794 politicorum
978 2697 1221 2798 Pythagoreas
1250 2699 1451 2797 discipliuae
1476 2699 1694 2774 addictomm

274 2797 403 2885 selecta
428 2809 531 2895 atque
558 2797 729 2896 descripta
753 2800 789 2868 in
813 2801 964 2872 medium
990 2799 1268 2897 produxerimus,
1296 2801 1401 2898 idque
1422 2825 1464 2874 eo
1484 2805 1587 2874 etiam
1609 2827 1692 2877 con·

213 2931 219 2938 ·
274 2895 374 2990 silio,
423 2908 462 2971 ut
493 2897 607 2972 denuo
641 2895 885 2972 corroboretur
922 2902 1090 2974 sententia
1126 2925 1232 2998 supra
1262 2927 1283 2972 a
1315 2899 1416 2975 nobis
1455 2906 1689 3000 pronuntiata,

272 2996 496 3098 Pythagorae
524 2996 764 3099 philosophiae
799 3017 970 3074 summam
1004 3000 1060 3073 vel
1090 2999 1135 3071 ah
1171 3001 1433 3098 insequentibus
1459 3002 1693 3102 Pythagoreis

272 3095 367 3174 haud
399 3101 612 3172 immutatam
645 3123 735 3172 esse.
798 3101 1012 3198 Diotogeues
1035 3099 1279 3198 Pythagoreus
1308 3100 1412 3183 dicit:
1451 3097 1495 3173 ‘A
1519 3105 1591 3200 μὲν
1616 3101 1695 3207 γάρ

273 3193 386 3279 πόλις
404 3203 449 3278 ἐκ
472 3204 636 3279 πολλῶν
658 3199 727 3279 καί
752 3192 1003 3302 διαφερόντων
1029 3200 1338 3303 συναρμοσθιίσα
1360 3197 1500 3300 κόσμω-
1513 3200 1695 3306 σύνταξιν

273 3297 342 3378 καί
367 3295 548 3403 α’ρμονίαν
573 3297 808 3398 μιμίματαις
834 3301 945 3374 idem
974 3299 1093 3382 κοινόν
1119 3299 1197 3406 γαρ
1217 3298 1380 3399 οἰγαθδν
1403 3303 1503 3393 ἐντί,
1530 3308 1598 3399 ait,
1627 3305 1695 3387 καί

273 3395 469 3502 οίρχόντων
500 3399 569 3486 καὶ
599 3397 841 3504 α’ρχομένων,
886 3402 967 3500 slya
1001 3395 1045 3497 dai
1079 3400 1360 3508 συναρμοστικιί
1389 3410 1469 3486 ἐντι
1505 3407 1694 3490 κοινωνίας

272 3508 479 3584 πολιτικοῖς
506 3542 551 3555 -
576 3500 680 3586 Eunt
711 3502 782 3601 μὲν
806 3503 851 3585 τό
876 3501 967 3586 ποτί
991 3503 1083 3603 μίαν
1108 3500 1239 3608 α’ρχιίν
1264 3536 1310 3585 τε
1331 3503 1399 3586 καί
1420 3503 1628 3600 οἱγεμονίοιν
1648 3507 1694 3588 τό

273 3595 362 3684 ὅλον
394 3597 680 3707 ξυναρμόσθαι·
703 3599 803 3687 καθ’
830 3599 994 3686 ἕκαστον
1029 3598 1068 3686 dl
1100 3607 1145 3685 ri
1176 3602 1247 3684 ani
1271 3603 1324 3686 roi
1353 3605 1461 3686 κατοὶ
1484 3607 1591 3708 μέρος
1616 3607 1691 3688 τοῖν

273 3700 399 3784 adreio
423 3699 604 3809 οἱρμονίαν
632 3734 679 3784 τε
700 3705 770 3785 καί
792 3702 1000 3803 οἱγεμονίαν
1025 3703 1330 3811 ονναρμόζςοθοιι
1352 3747 1396 3764 -·
1434 3705 1578 3808 Diotog·
1604 3708 1693 3812 napi

271 3806 484 3888 Βασιλείας
513 3831 571 3904 op.
595 3803 699 3878 Stoi).
724 3805 893 3906 Florileg.
926 3811 974 3880 Τ.
995 3809 1047 3880 Π.
1083 3831 1166 3906 pag.
1183 3803 1278 3880 514.
1303 3803 1398 3880 5dss.
1422 3805 1538 3880 Galsl'.
1592 3810 1691 3884 Idem

271 3906 395 4005 legesis
428 3931 485 4005 ap.
522 3905 747 4004 Erphantum
778 3905 959 4010 effug:
1010 3905 1061 3989 ‘A
1091 3903 1170 3988 d's'v
1199 3913 1256 4013 τᾷ
1289 3903 1403 3989 πόλει
1438 3907 1554 4022 φιλία
1585 3919 1694 3993 κοινοῖ

272 4035 370 4088 τινος
392 4004 526 4090 τέλεος
552 4006 738 4106 ἑχομίνα,
766 4007 842 4088 τοὶν
867 4013 937 4090 τοῦ
958 4010 1103 4092 παντός
1127 4007 1294 4108 ὁμόνοιαν
1321 4015 1508 4110 μιμοῖται·
1539 4003 1630 4091 οίνευ
1654 4003 1695 4092 dd

270 4111 344 4188 τοῖς
373 4111 460 4213 περὶ
491 4107 564 4192 τοὶς
595 4105 722 4213 α’ρκοίς
753 4099 943 4210 όιατιόξιος
972 4103 1122 4213 oddonis
1157 4103 1206 4192 civ
1233 4107 1345 4193 πόλις
1377 4113 1531 4192 οἰκοῖτο·
1568 4115 1618 4193 είς
1650 4107 1691 4195 dd

270 4203 424 4291 ταύταν
454 4206 574 4307 νόμων
607 4241 654 4290 τι
680 4201 800 4292 dairas
832 4211 900 4292 καί
934 4213 1030 4296 τίνος
1058 4211 1290 4318 προστασίας
1322 4216 1529 4294 πολιτικοῖς
1563 4209 1607 4294 τό
1650 4247 1697 4298 τε

269 4305 389 4415 ἄρχον
420 4307 488 4392 καί
524 4309 567 4390 τό
606 4307 833 4436 ἀρχόμενον,
877 4316 981 4419 είπορ
1014 4312 1163 4414 ragom
1192 4307 1233 4394 δι’
1261 4310 1368 4394 αὐτό.
1438 4310 1512 4393 Ἐκ
1546 4311 1694 4397 τούτων

267 4411 385 4493 κοινόν
415 4409 576 4508 deceta
608 4413 838 4516 ευαρμοστία
872 4447 944 4506 τις,
981 4413 1051 4497 καί
1083 4423 1159 4498 τῶν
1188 4419 1351 4518 πολλῶν
1377 4410 1565 4518 ὄμοφωνία
1589 4418 1694 4516 perui

268 4513 428 4596 πειθοῦς
466 4503 693 4616 σονᾳόοίσιις.
752 4513 867 4592 Ibit„
887 4543 970 4618 pag.
997 4515 1094 4591 525.
1161 4517 1325 4616 Inprimis
1359 4517 1575 4614 respicienda
1609 4531 1693 4592 snut

268 4613 424 4690 Theonis
451 4615 635 4715 Smyrnaei
660 4614 766 4688 verba
802 4615 989 4730 (Mathem.
1026 4645 1064 4718 p.
1086 4613 1136 4693 15
1159 4629 1194 4692 et
1216 4615 1281 4692 16.
1303 4615 1439 4716 Bull.):
1468 4623 1510 4700 ἐν
1531 4611 1690 4719 μονσικρῗ
