4428 5306
871 525 1155 616 -21-'

292 755 375 832 erga
402 741 561 830 parentes
586 740 623 803 et
649 727 846 822 beneficos,
892 725 936 802 de
968 737 1088 802 mutua
1115 725 1341 806 conversandi
1368 729 1521 824 ratione,
1562 727 1606 804 de
1628 741 1715 804 tem·
1745 693 1758 715 Ι

273 833 447 931 ,perantia
467 833 630 930 inprimis
656 829 699 903 de
725 831 880 928 corporis
905 831 1079 926 animique
1106 831 1263 925 cultura,
1296 841 1399 928 atque
1430 830 1485 902 his
1514 830 1662 928 peractis
1694 857 1716 904 a

292 943 415 1006 senatu
432 933 570 1032 jussum
595 955 695 1023 esse,
727 928 898 1031 quidquid
922 929 1132 1004 crotoniatis
1158 931 1241 1004 utile
1267 929 1409 1004 haberet
1432 931 1525 1027 apud
1549 931 1716 1029 reipubli-

294 1057 355 1104 cae
377 1033 607 1107 moderniores
638 1031 806 1129 prolerre.
860 1029 930 1104 Cui
957 1029 1189 1105 adhortationi
1218 1032 1404 1125 tabefecit,
1439 1025 1553 1106 susat
1575 1034 1637 1126 iis,
1675 1045 1716 1106 nt

291 1131 474 1206 illusarum
497 1130 663 1230 templum
682 1143 858 1229 tamqnam
881 1130 1085 1204 concordiae
1106 1132 1290 1206 antistitem
1308 1141 1535 1224 exstruerent,
1563 1143 1603 1204 ut
1623 1157 1714 1206 rem·

291 1230 466 1330 publicam
491 1234 685 1307 communis
704 1231 850 1328 depositi
874 1235 1024 1305 instare
1048 1231 1182 1305 civibus
1207 1235 1291 1332 ipsis
1312 1232 1494 1326 traditam,
1532 1257 1714 1308 conserva·

251 1402 256 1410 .
291 1343 369 1412 rent
390 1358 456 1406 nee
482 1335 621 1433 ignavia
639 1332 883 1430 prolligarent,
910 1333 1026 1432 potius
1048 1333 1097 1406 ita
1118 1359 1195 1406 eam
1220 1343 1379 1433 regerent
1397 1331 1712 1433 gubernaremque,
1810 1365 1814 1372 ·

157 1505 166 1527 y
292 1445 331 1505 ut'
345 1431 490 1532 depositi
504 1433 608 1508 iidem
624 1432 886 1507 haereditariam
901 1435 1000 1532 quasi
1014 1436 1160 1534 posteris
1175 1431 1370 1532 relinquere
1384 1446 1525 1531 possent
1533 1463 1545 1530 3
1564 1434 1717 1526 monuit,
1779 1505 1786 1519 ,

292 1544 330 1605 ut
347 1532 518 1632 justitiam
540 1545 820 1618 exercereatmec
842 1536 879 1606 in
898 1533 1128 1634 jurejurando
1152 1535 1296 1608 deorum
1313 1537 1453 1607 nominc
1474 1533 1718 1632 abuterentur,

291 1636 424 1730 yraucis,
453 1647 582 1734 quanta
599 1639 636 1710 in
653 1637 780 1708 virtute
795 1635 957 1736 dignitas,
986 1631 1117 1735 quanta
1135 1638 1172 1708 in
1190 1636 1281 1708 vitiis
1298 1637 1347 1708 sit·
1361 1635 1552 1731 turpitudo,
1578 1635 1719 1707 docuit.¹

290 1734 424 1808 Eadem
450 1738 604 1832 ratione,
646 1733 787 1834 jubente
809 1739 1029 1908 magistram,
1067 1735 1112 1808 ad
1144 1761 1271 1834 pueros
1307 1747 1342 1808 et
1374 1745 1552 1808 matronas
1585 1734 1713 1808 adhore

289 1836 435 1910 tationes
470 1837 575 1931 lecit,
617 1835 746 1933 quibus
777 1839 868 1908 omn·
896 1863 938 1910 us
967 1846 1173 1908 consecutus
1205 1846 1280 1928 est,
1326 1847 1366 1908 nt
1398 1834 1566 1932 templum
1597 1833 1716 1910 Musis·

289 1937 473 2036 erigerem,
501 1937 710 2010 dimitterent
727 1961 809 2009 suas
833 1937 974 2036 pellices
990 1937 1335 2034 ciuitatis-primores,
1362 1945 1398 2009 et
1415 1947 1591 2010 matronae
1611 1953 1718 2007 aura-³

288 2047 341 2108 tas
354 2047 482 2128 vesus,
512 2047 694 2136 ceteraque
714 2035 889 2137 dignitatis
911 2062 995 2112 suae
1008 2029 1216 2112 'ornamenta
1239 2037 1335 2110 velut
1359 2039 1591 2110 iustrumenta
1609 2036 1711 2130 luru-

254 2149 258 2160 '
288 2138 359 2208 riae
377 2135 582 2220 indunonis
595 2135 761 2210 Laciniae
778 2139 943 2236 templum
961 2137 1074 2211 delata
1091 2137 1262 2237 ipsi'deae
1282 2150 1538 2212 consecrarent.
1581 2137 1719 2210 Dicae·'
1860 2161 1863 2168 ·

287 2235 385 2311 arch.
407 2261 464 2334 ap.
484 2235 678 2310 damhlich.
706 2236 743 2338 ξ).
761 2233 830 2312 50.
848 2239 923 2312 uid.
951 2237 989 2336 3
1006 2235 1086 2310 152
1106 2248 1141 2312 et
1158 2235 1251 2312 195.
1291 2235 1462 2336 Apollon.
1492 2229 1549 2338 ap‘.
1571 2235 1718 2314 tamti.-

287 2331 383 2410 264.
400 2337 537 2410 eluatur.
555 2338 582 2410 l.
601 2339 627 2411 l.
653 2339 701 2411 cl.
718 2337 827 2412 Diod.
844 2339 937 2412 ch.
953 2339 1073 2413 Vales.
1096 2365 1133 2435 p.
1146 2337 1242 2410 554.
1265 2337 1313 2438 ¹).
1352 2341 1426 2412 Per
1440 2338 1719 2436 cointelligitur,
1756 2375 1759 2382 ·

285 2433 353 2508 hoc
374 2448 541 2535 tempore,
565 2463 636 2536 quo
658 2439 703 2510 ab
728 2441 868 2512 interitu
892 2439 1041 2510 servavit
1067 2440 1252 2529 civitatem,
1277 2463 1450 2508 summum
1475 2450 1615 2510 nactum
1636 2461 1709 2508 esse

284 2535 451 2610 honorem
465 2543 750 2611 etauctoritatem
767 2535 1019 2634 Pythagoram.
1056 2531 1260 2609 Aristoteles
1276 2547 1468 2626 memorat,
1491 2536 1709 2609 Crotoniatas
1781 2533 1784 2540 ’

284 2645 380 2709 tanto
402 2637 534 2709 honora
558 2659 642 2709 exce
667 2638 734 2708 isse
758 2633 1026 2734 philosophum,
1060 2645 1100 2706 ut
1123 2659 1203 2707 eum
1220 2633 1422 2733 Apollinem
1439 2634 1709 2736 Hyperboreum

285 2735 566 2832 compellaveriut
583 2733 622 2837 ²)
641 2662 716 2836 lap.
734 2733 874 2808 Aeliam.
903 2734 1084 2825 v.11.11‚
1103 2731 1171 2807 26.
1200 2733 1248 2808 ci.
1267 2733 1477 2810 Dicaearch.
1496 2763 1553 2835 ap.
1569 2733 1704 2809 Jambt.

283 2829 320 2932 3.
353 2833 420 2908 55.
473 2836 544 2910 Ilio
577 2835 770 2934 Chrysost.¹
796 2833 898 2910 Orat.
923 2833 1085 2910 XLVII.
1120 2858 1159 2932 p.
1176 2832 1272 2908 524.
1303 2835 1359 2909 cd.
1389 2835 1520 2938 Moe).
1571 2832 1712 2908 Aucto-t
1859 2894 1863 2905 .

282 2937 382 3006 ritate
402 2937 517 3034 igitur
549 2961 611 3010 sua
631 2931 842 3028 'continebat
873 2932 1146 3031 rempublicam,
1188 2934 1257 3008 bac
1292 2939 1384 3028 enim
1425 2963 1513 3036 opus
1553 2949 1627 3008 etat
1661 2935 1712 3007 ad

280 3033 613 3130 perficiendumid,
632 3035 726 3134 quod
749 3061 787 3108 re
811 3061 893 3107 vera
917 3033 1076 3132 perfecit.
1131 3036 1287 3110 Tantum
1309 3037 1447 3131 aberat,
1473 3051 1512 3111 ut
1527 3035 1712 3133 republica
1776 3067 1782 3081 ·

281 3136 317 3204 ia
342 3137 516 3233 integrum
540 3138 716 3226 restituta,
759 3134 879 3233 populi
903 3131 1059 3232 partibus
1081 3161 1119 3208 se
1140 3131 1316 3209 addiceret
1338 3136 1481 3236 ejusque
1502 3135 1711 3210 insolentem

283 3236 468 3330 potentiam
490 3235 657 3308 adversus
680 3238 860 3332 optimates
874 3233 1093 3327 defenderet,
1121 3247 1160 3308 ut
1179 3233 1233 3307 his
1252 3261 1289 3308 se
1312 3235 1538 3336 adiungeret,
1567 3259 1704 3308 eorum-

284 3359 351 3431 que
375 3333 580 3408 labet'actata
598 3335 681 3433 jura
706 3347 828 3410 contra
852 3333 1060 3434 demagogos
1086 3346 1120 3408 et
1147 3347 1314 3434 tyrannos
1338 3349 1520 3412 renouaret
1543 3348 1578 3409 et
1593 3335 1705 3410 lulci·

328 3601 367 3688 1)
390 3601 438 3668 Ad
471 3601 534 3668 boc
562 3600 713 3688 temporis
744 3608 939 3666 momentum
968 3598 1172 3668 referendum
1201 3613 1250 3668 est
1278 3599 1387 3688 Porplr
1410 3599 1447 3665 rii
1477 3599 1703 3687 fragmentum,

388 3685 475 3774 quod
506 3707 609 3772 nuper
639 3683 722 3752 eruit
745 3683 852 3774 Majnr
881 3681 1009 3772 (Sahal.
1039 3697 1101 3752 ant
1129 3685 1162 3750 iu
1190 3685 1326 3752 Homeri
1402 3718 1418 3750 .⁴
1459 3685 1511 3750 .9.
1538 3683 1598 3750 aid
1619 3682 1701 3750 Add

389 3771 503 3921 p562.
524 3767 743 3853 Buttmann),
774 3769 806 3864 ip
826 3790 890 3856 quo
911 3766 1071 3855 proditum
1094 3779 1173 3850 eet„
1189 3767 1412 3858 Pythagoram
1431 3705 1554 3847 lberis,
1571 3768 1701 3858 juveni·
1827 3795 1834 3822 ι

414 3875 450 3922 us
471 3867 504 3921 et
524 3854 675 3920 matronis
698 3853 918 3919 convenienter
939 3853 1100 3920 orationes
1124 3848 1281 3922 babuisse.
1469 3855 1473 3868 '
1539 3867 1546 3876 ·

326 3963 367 4052 2)
388 3965 509 4054 Cogita
536 3963 593 4033 tibi
612 3961 803 4052 Apollinem,
835 3973 870 4030 ut
897 3946 1070 4031 humanum
1097 3985 1201 4054 genus
1226 3963 1355 4032 maculis
1381 3962 1567 4054 adspersum
1591 3975 1623 4030 et
1644 3963 1701 4030 de-

416 4060 579 4118 eneratum
600 4048 645 4116 ad
667 4050 783 4115 bonam
810 4045 938 4134 frugem
960 4047 1111 4128 reducat,
1141 4051 1182 4115 ab
1202 4049 1424 4140 Hyperboreis
1446 4049 1637 4124 venientem,
1668 4059 1701 4117 et
1744 4051 1748 4060 '

390 4069 456 4202 h'oc
476 4134 667 4223 cognomine
690 4131 764 4198 nibil
784 4129 924 4212 dulcius,
951 4132 1025 4200 nibil
1052 4133 1139 4220 quod
1160 4133 1371 4224 Pythagorae
1398 4132 1575 4210 advenienti
1596 4133 1707 4283 aptius·

392 4221 572 4300 moverint,
601 4217 820 4286 confiteberis.
874 4216 1001 4284 Hodem
1031 4238 1128 4286 sensu
1155 4217 1292 4306 accipias
1320 4219 1412 4286 velim
1439 4219 1537 4284 rerba
1559 4219 1608 4284 Ae
1630 4218 1707 4285 auia
1776 4245 1780 4250 ·

282 4335 286 4344 ·
388 4297 702 4392 Ἐπιστρεφομὲνου
729 4304 765 4382 dt
794 4297 855 4378 ate
882 4297 999 4388 ,attae
1030 4298 1306 4406 cdcod‚'.drr'yipca
1335 4295 1449 4392 λόγος.
1481 4298 1540 4370 ὅτι
1569 4305 1697 4372 Πυθα-

385 4376 653 4477 pdpocu'piaaao
681 4381 729 4455 od
758 4377 953 4463 διδάξων,
989 4379 1074 4458 dtt’
1099 4394 1345 4476 tuaprocuu.
1394 4385 1696 4460 Ael.var.,tt.1v.

388 4494 415 4538 c.
433 4473 483 4539 17.
511 4473 642 4562 quihus,
672 4471 697 4538 si
719 4493 791 4538 cum
812 4471 963 4558 Menagio
986 4471 1027 4538 ad
1048 4471 1145 4574 Diog.
1166 4469 1453 4552 1..v111‚‚12.'ad
1475 4471 1695 4562 Pythagoram

388 4555 547 4625 medicum
570 4555 820 4636 retransferre,
847 4577 973 4624 omnem
994 4555 1185 4642 elegantiam
1206 4555 1326 4624 adimis.
1670 4573 1673 4584 ·
