4438 5292
897 451 1349 532 ‚1.„„„

499 643 573 720 Oll'.
594 641 634 738 l,
663 637 728 716 17.
776 639 885 740 Diog.
914 663 971 738 ap.
999 626 1178 739 Porphyr.
1210 637 1332 741 555.
1378 639 1427 712 cl.
1453 637 1653 739 Interprett.
1681 642 1728 716 ad
1755 641 1856 718 Lael.
1881 641 1926 720 1.·

497 747 536 848 5.
557 743 597 819 9.
633 740 717 818 Ast.
745 741 791 814 ad
806 740 902 817 Plat.
930 739 1086 816 Phaedr.
1112 741 1175 814 lin.
1229 739 1288 814 llli
1310 767 1394 816 vcro
1418 743 1456 814 in
1479 765 1521 816 co
1540 742 1634 814 alind
1659 745 1770 820 inesse
1796 749 1925 844 opinati

497 859 592 922 sunt.
646 843 900 944 DiogsLaert.
921 842 1039 935 vm,
1071 838 1137 915 10.
1172 843 1297 936 refert,
1342 843 1488 916 Timaeo
1517 856 1658 920 auctore
1685 846 1925 948 Pythagoram

497 951 649 1048 primum
676 946 824 1038 dixisse,
856 945 1047 1018 amicorum
1073 944 1189 1016 omnia
1214 969 1289 1016 esse
1318 946 1533 1036 communia,
1571 960 1606 1020 et
1630 948 1835 1041 amicitiam,
1867 977 1923 1024 ae·

399 1115 404 1120 .
498 1049 711 1148 qualitatem.
764 1043 899 1118 Zenoh.
926 1043 1028 1118 Ceut.
1051 1043 1122 1135 lv,
1148 1041 1215 1116 79.
1252 1045 1377 1137 traalit,
1412 1046 1598 1120 Timaeum
1630 1047 1667 1120 id
1702 1050 1923 1146 proverbium

497 1172 731 1224 memorasse:
767 1139 825 1228 ὅτι
845 1141 1067 1250 προσιόντας
1080 1142 1304 1250 Πυθαγόρᾳ
1330 1144 1630 1254 μαθοτοὲεπερῒ
1646 1148 1718 1242 raia
1737 1148 1924 1241 Ἰταλίαν,

498 1249 662 1336 ἔπειθεν
690 1244 708 1330 o‘
736 1243 941 1353 φιλόσοφος
967 1245 1099 1329 κοιναὶ*
1125 1247 1198 1329 τοῖς
1219 1245 1344 1332 ου’σίαε
1369 1247 1583 1332 ποιεῖσθαι·
1615 1244 1711 1333 ὅθεν
1726 1255 1776 1334 sis
1793 1285 1925 1358 πωροι.

498 1350 592 1454 μίαν
617 1348 642 1449 οἱ
666 1349 869 1450 συμβουλή
897 1354 967 1430 τοῦ
991 1345 1228 1456 Πυθαγόρου
1254 1337 1399 1446 ἦλθεν.
1448 1351 1499 1423 Et
1519 1349 1640 1425 Photii
1659 1353 1782 1428 Lexic.
1813 1354 1859 1454 (s.
1885 1385 1919 1428 ν.

407 1481 413 1488 ·
498 1450 605 1538 κοινοὶ
631 1482 666 1536 τ.
684 1481 720 1536 τ.
740 1457 815 1557 Oh:
868 1446 1023 1549 Τίμαιός
1045 1457 1158 1557 φησιν
1182 1457 1223 1532 ἐν
1249 1457 1306 1558 τῷ
1328 1447 1385 1541 θ’,
1415 1447 1563 1546 ταύτην
1588 1454 1793 1552 λεχθῆναι
1815 1455 1924 1538 sarci

385 1580 389 1586 ’
488 1555 571 1658 ,τοῖν
599 1555 780 1657 μεγάλην
807 1545 1016 1641 Ἑλλάδα.
1066 1547 1225 1636 ιιοιθόὒε
1254 1547 1404 1657 χρόνους
1433 1550 1678 1656 Πυθαγόρας
1712 1554 1924 1640 decretae

497 1659 583 1742 reiis
628 1653 777 1753 ταύτην
820 1660 1052 1736 ἐνοικοῦντας
1097 1647 1334 1754 οἱδιανέμιιτα
1377 1655 1602 1748 κεκτῆσθαι
1650 1657 1745 1756 (aid.
1787 1661 1922 1734 Timaei

499 1761 624 1860 fragm.
652 1759 741 1833 XV.
776 1783 813 1853 p.
833 1753 926 1826 218.
955 1755 1011 1828 ed.
1040 1752 1196 1857 Goell.).
1258 1757 1332 1830 Sed
1357 1754 1617 1852 Colophonem,
1654 1762 1767 1834 atita
1792 1760 1920 1852 dicam,

497 1861 594 1934 addit
618 1857 741 1934 Schol.
767 1858 812 1930 ad
833 1858 928 1931 Plat.
951 1856 1107 1930 Phaedr.
1133 1884 1170 1955 p.
1184 1852 1280 1929 519.
1302 1855 1412 1930 Belsls.
1450 1854 1505 1956 (p.
1520 1855 1588 1928 88.
1613 1859 1669 1932 ed.
1689 1861 1919 1964 emulano:

498 1969 592 2064 Φῆαι
623 1967 715 2057 γοῦν
745 1956 763 2039 ὁ
796 1957 952 2057 Τίμαιος
990 1964 1031 2038 έν
1061 1964 1113 2058 τῇ
1140 1952 1168 2038 ε’
1187 1952 1313 2039 οὕτω·
1363 1951 1616 2060 “προοιο’ντων
1650 1954 1681 2041 d'
1715 1953 1778 2043 oda
1816 1960 1925 2068 αὐτῷ

498 2058 752 2188 (Pythagorae)
784 2065 860 2140 τῶν
888 2059 1077 2164 νεωτέρων
1106 2057 1174 2140 καὶ
1199 2057 1444 2158 βουλομένων
1472 2051 1749 2168 συνδιατρίβειν
1779 2063 1922 2148 odacri·

472 2167 576 2251 -θυε
598 2191 870 2266 ουνεχωριιοεν,
906 2157 1006 2241 ἀλλ’
1033 2161 1106 2262 ἔφη
1131 2151 1204 2241 deis
1231 2163 1300 2242 xci
1327 2160 1401 2242 scia
1427 2155 1549 2242 ciclos
1575 2164 1701 2246 κοινοίς
1727 2151 1821 2247 εἶναι
1847 2176 1923 2250 τῶν

498 2259 842 2364 ἐντυγχανόντων”
875 2247 961 2342 εἶτα
984 2260 1088 2360 μετα
1116 2262 1258 2344 πολλοὶ
1289 2269 1380 2364 φῆσι
1411 2259 1507 2342 “ιιαῖ
1530 2255 1572 2342 ‹lr'
1598 2265 1758 2349 ἐκείνους
1774 2277 1923 2370 πρῶτον

482 2369 661 2478 ’ῥηθῆναι
687 2364 803 2451 aare·
823 2363 894 2461 ’τιίν
919 2360 1098 2444 Ἰταλίαν
1123 2358 1179 2444 ὅτι
1204 2365 1311 2445 ιεοινοί
1340 2362 1395 2444 τοὶ
1423 2371 1500 2444 τῶν
1523 2363 1675 2468 φίλων”
1690 2365 1737 2469 ¹).
1793 2374 1850 2443 Ex
1867 2371 1922 2444 his

496 2473 713 2572 apertissime
737 2469 870 2559 clucet,
903 2468 994 2538 sieut
1023 2466 1262 2566 Pythagoram
1285 2468 1436 2565 primum
1461 2465 1565 2565 hujus
1590 2468 1739 2568 symboli
1765 2474 1921 2546 invento·

496 2601 591 2666 rem,
628 2575 676 2644 ita
703 2571 887 2640 Timaeum
915 2569 1066 2661 primum
1094 2566 1201 2640 salsae
1223 2569 1513 2662 interpretationis
1539 2581 1714 2644 auctorem
1738 2584 1772 2645 et
1796 2572 1921 2646 ducem

497 2675 619 2745 luisse.
674 2670 858 2741 Timaeum
881 2665 976 2736 hunc
1002 2667 1286 2739 'l'amomenitam
1311 2691 1428 2740 rerum
1454 2667 1653 2742 Sicularum
1675 2683 1743 2745 ete.
1773 2677 1919 2773 scripto·

377 2789 381 2799 '
458 2769 463 2779 ’
497 2799 571 2847 rem
604 2769 779 2867 intelligo,
815 2764 913 2864 cujum
943 2765 1169 2859 dementiam,
1205 2768 1433 2866 imperitiam,
1472 2769 1677 2864 ruditatem,
1717 2778 1920 2871 praesertim

490 2876 534 2946 in
557 2870 661 2946 rebus
685 2869 818 2944 Italicis
844 2865 1080 2940 describendis
1103 2869 1369 2966 negligentiam,
1397 2869 1484 2942 adeo
1506 2898 1628 2944 nmsus
1655 2878 1788 2949 notarit
1809 2877 1918 2977 Poly·

495 2976 595 3069 hias,
635 2985 674 3047 ut
695 2981 816 3046 nostro
840 2970 984 3060 crimine
1008 2967 1103 3041 haud
1138 2968 1211 3041 indi
1263 2996 1319 3042 um
1344 2995 1381 3044 se
1406 2974 1564 3070 gesserit.
1594 2974 1642 3046 cl'.
1659 2975 1801 3076 Polyhii
1825 2979 1916 3050 Exc.

496 3079 613 3151 Vatic.
645 3075 708 3148 lib.
729 3073 829 3164 XII,
852 3068 892 3144 5.
922 3067 963 3142 d.
998 3098 1035 3169 p.
1059 3067 1138 3144 581
1154 2995 1315 3142 -585,
1352 3072 1409 3144 ed.
1437 3071 1526 3146 Mai.
1597 3076 1715 3150 Etiam
1749 3079 1786 3150 id
1825 3079 1919 3150 haud
1952 3077 1957 3084 ’

496 3177 722 3248 omittendum
756 3197 901 3264 censeo,
947 3172 1042 3268 quod
1074 3174 1112 3244 in
1144 3170 1261 3245 multis
1292 3174 1431 3246 serioris
1466 3177 1587 3248 aetatis
1620 3177 1820 3277 fragmentis
1853 3182 1919 3252 ista

495 3277 666 3350 honorum
692 3274 888 3347 communio
913 3296 1049 3368 semper
1073 3297 1154 3344 cam
1174 3274 1325 3369 ancipite
1348 3274 1409 3346 illo
1429 3275 1612 3371 proverbio
1638 3278 1821 3378 conjuncta
1846 3306 1918 3353 me·
1949 3337 1961 3356 ,

494 3389 661 3454 ιιιοεεῑυε.
698 3375 746 3448 cf.
781 3368 975 3445 damhlieh.
1009 3369 1048 3472 5.
1071 3369 1139 3443 52.
1169 3369 1235 3443 72.
1264 3371 1452 3448 92168.
1522 3379 1581 3449 Ex
1612 3405 1683 3477 quo
1716 3408 1817 3457 nemo
1848 3407 1918 3456 non

496 3505 631 3554 summo
663 3477 746 3581 jure
790 3473 997 3550 concludere
1031 3463 1167 3570 ¹potest,
1228 3476 1435 3549 recentiores
1476 3480 1661 3577 scriptores
1699 3497 1918 3581 praepostera

336 3611 340 3618 ·
494 3581 630 3654 Timaei
652 3578 879 3698 explicatione
903 3573 1064 3648 inductos
1094 3601 1138 3648 ex
1155 3572 1276 3647 eodem
1299 3575 1457 3674 symholo
1481 3605 1555 3652 rem
1579 3581 1763 3654 deduxisse
1797 3597 1830 3657 et
1854 3610 1918 3680 pro

497 3683 654 3754 confessa
679 3680 837 3750 edxisse.
1444 3749 1451 3756 .

607 3779 797 3852 Enimvero
835 3778 1019 3874 scriptores
1048 3775 1118 3850 lide
1158 3776 1256 3878 digni
1291 3779 1502 3852 contrarium
1530 3780 1686 3856 edocent.
1760 3782 1916 3855 Simalac

476 3881 664 3956 ‚sodalium
685 3877 844 3953 nonnulli
877 3877 1099 3952 facultatibus
1125 3879 1343 3972 exciderant,
1388 3879 1480 3954 bona
1504 3907 1567 3955 soa
1600 3881 1695 3955 velut
1727 3907 1807 3955 cam
1845 3883 1915 3956 fn-

358 4029 362 4036 ·
495 3981 606 4056 hihus
628 3979 828 4056 dividebant
847 3978 1099 4078 Pythagorici3
1136 4006 1240 4077 quem
1266 4007 1397 4054 morem
1422 4009 1494 4057 non
1525 3982 1639 4058 solam
1664 3984 1758 4082 apnd
1786 3987 1916 4060 amieos

495 4084 658 4158 diuturno
689 4083 852 4156 convictu
885 4081 1110 4173 constrictos,
1144 4080 1333 4156 sedetiam
1366 4083 1460 4180 apud
1484 4109 1625 4176 omnes,
1658 4088 1720 4183 qai
1734 4086 1913 4186 Pythago·

464 4207 574 4257 .reos
606 4211 643 4258 se
682 4181 952 4282 profitebantur,
999 4181 1238 4256 observarunt.
1318 4183 1381 4260 Sic
1408 4183 1540 4258 Clinias
1567 4186 1779 4262 Tarentinus
1800 4191 1915 4262 Proro

495 4285 696 4384 Cyrenaeo,
734 4308 837 4384 quem
862 4285 1040 4382 nunqaam
1064 4281 1219 4377 viderat,
1258 4285 1455 4383 patrimonii
1483 4285 1657 4386 jacturam
1683 4287 1809 4362 laetam
1836 4315 1913 4360 cnm

541 4507 579 4596 l)
604 4505 721 4576 Omisit
742 4505 827 4572 laune
846 4507 950 4573 locum
972 4504 1141 4572 Goellerus
1163 4503 1220 4570 tt
