4438 5292
934 583 1194 660 ...95-

353 783 466 880 prima
490 801 595 851 eausa
620 785 801 866 narratur,
829 773 967 848 credam
992 772 1173 874 equidem,
1207 783 1384 871 praeterea
1404 771 1524 845 eadem
1546 797 1636 871 quae
1661 771 1794 872 Syha·'

354 867 500 955 aarum
524 891 733 979 tyranuum,
773 875 916 950 consilia
937 878 1120 974 tyrannica
1145 874 1275 948 fovisse
1296 872 1488 973 Gylouem,
1524 899 1614 970 quae
1636 875 1776 970 quidem

355 982 523 1054 sententia
536 1061 539 1070 ¹
552 991 624 1058 tam
646 974 850 1069 Aristoxeni
874 976 991 1050 verbis
1017 988 1174 1049 naturam
1206 999 1390 1072 moresque
1422 974 1575 1046 Irominis
1602 975 1775 1047 delinean-

356 1083 470 1174 abus,
514 1105 620 1180 quam
641 1081 717 1176 ipso
742 1080 940 1176 optimatem
965 1077 1176 1176 reipublicae
1202 1088 1329 1148 statum
1355 1076 1530 1148 evertendi
1554 1075 1668 1147 studio
1694 1101 1777 1148 con·

225 1199 231 1209 '
356 1183 525 1254 firmatur.
562 1179 686 1252 ¹Adde
712 1175 883 1276 ApoIIou.
926 1205 983 1278 ap.
1003 1177 1147 1252 daubi.
1196 1175 1233 1277 ὃ.
1254 1173 1350 1250 262.
1403 1171 1458 1248 At
1491 1178 1667 1249 enimvero
1707 1202 1780 1275 quo

271 1351 274 1356 .
358 1283 503 1356 celerius
524 1281 689 1381 perdatur
712 1280 931 1378 synedrium,
960 1275 1154 1378 procedunt
1175 1288 1365 1352 convocata
1392 1274 1482 1377 (sine
1504 1276 1651 1350 dubioa
1673 1267 1779 1376 δημο.

357 1383 489 1485 renota)
532 1384 719 1474 concione,
754 1379 869 1479 Cylou
903 1392 938 1454 et
959 1383 1096 1475 Ninon,
1140 1382 1202 1477 qui
1228 1389 1478 1453 accusatorum
1514 1378 1671 1475 partibus
1703 1403 1779 1451 sus·

219 1477 222 1484 ’
349 1487 470 1584 ceptis
489 1509 532 1556 ac
557 1485 691 1582 partitis
713 1484 804 1557 iuter
826 1508 863 1554 se
885 1481 1051 1581 quuendi
1070 1481 1206 1554 vicibus
1225 1482 1480 1552 accusationem
1506 1490 1628 1552 contra
1642 1479 1777 1578 Pytha·

359 1611 485 1685 goreos
518 1588 707 1656 instruunt.
772 1580 918 1681 Cylonis
949 1582 1103 1680 prolixos
1132 1606 1308 1655 sermones
1341 1581 1468 1677 excipit
1495 1580 1634 1671 Ninon,
1677 1579 1782 1654 homo

357 1685 535 1784 popularis
566 1696 602 1757 et
626 1681 821 1781 Cyloniana
854 1694 893 1756 ut
924 1685 1061 1756 videtur
1099 1683 1284 1756 redemtus
1302 1681 1496 1780 largitione.
1552 1680 1679 1752 Tradit
1710 1681 1805 1752 soI-·

357 1787 462 1860 lemni
492 1811 588 1858 more
621 1783 756 1858 scribac
791 1783 933 1883 publico
969 1784 1126 1857 libellum
1150 1785 1288 1856 nomine
1313 1780 1437 1878 Λόγος
1465 1778 1554 1884 ἱερὰς
1577 1783 1795 1880 insignitum·

357 1898 397 1958 ut
424 1886 537 1985 legat,
572 1887 609 1954 iu
642 1910 712 1981 quo
743 1885 816 1958 I'erc
845 1888 1012 1982 scriptum
1043 1897 1133 1959 erat:
1173 1880 1320 1966 Amicos
1351 1883 1495 1956 deorum
1524 1885 1632 1956 instar
1663 1883 1778 1956 colen·

358 1986 441 2078 dos,
477 1985 630 2082 reliquos
656 1997 696 2058 ut
717 1983 819 2057 bruto
844 1981 1044 2058 tractandos¹
1072 2011 1165 2058 esset

525 2111 622 2196 Totis
648 2112 720 2206 uia
743 2110 910 2218 ἑταίρους
926 2100 1018 2210 ἦγεν
1039 2115 1114 2194 ἴσον
1145 2109 1358 2220 μακάρεσσι
1388 2113 1524 2198 θεοῖσι·

526 2214 612 2296 roris
642 2207 836 2295 t‘o’z'ntovs
861 2211 981 2310 ἡγεῖτ’
1011 2211 1088 2298 οὔτ’
1116 2220 1157 2295 s'r
1181 2211 1290 2322 λόγῳ
1316 2211 1395 2297 οὔτ’
1422 2223 1462 2296 ἐν
1489 2209 1657 2319 ἀριθμῷ.
1683 2210 1718 2315 ¹)

357 2341 567 2440 eosdemque
593 2339 749 2440 agendos,
768 2340 812 2412 ab
834 2342 898 2434 iis,
931 2345 991 2440 qui
1012 2345 1127 2442 gregis
1151 2356 1305 2439 pastores
1335 2344 1417 2414 sacti
1445 2345 1537 2438 siut,
1582 2368 1661 2414 cum
1687 2341 1778 2414 I'abis

357 2444 585 2544 pugnandum
632 2454 798 2538 tanquam
836 2443 1022 2514 sortitionis
1061 2440 1231 2536 ducibus3
1256 2461 1260 2466 '
1282 2439 1499 2538 tyrannidem
1537 2439 1777 2538 appetendam,

277 2573 281 2582 ’
358 2555 533 2644 praestare
552 2544 644 2614 cuim
669 2541 747 2612 illos
769 2539 904 2634 dicere,
934 2568 1042 2612 unum
1062 2530 1153 2612 diem
1174 2565 1250 2614 esse
1271 2541 1429 2636 taurum,
1457 2567 1563 2640 qrram
1590 2568 1652 2638 per
1671 2553 1778 2613 totam
1810 2620 1813 2632 ,

358 2646 463 2715 vitam
494 2641 642 2736 bovem,
673 2639 845 2714 laudanda
871 2640 1012 2738 quidem
1043 2641 1187 2714 aliorum
1215 2643 1390 2734 instituta,
1429 2646 1501 2714 suis
1537 2669 1621 2714 vero
1645 2641 1780 2739 placitis

356 2741 599 2816 insistendum.
661 2736 798 2840 Adjicit
831 2753 1008 2839 practerea
1032 2754 1234 2837 accusator,
1275 2743 1591 2844 Pydragcricorum
1627 2741 1780 2840 philoso-

358 2841 477 2942 phiam
516 2843 805 2938 conspirationem
842 2868 919 2916 esse
960 2855 1081 2916 contra
1121 2843 1280 2943 plebem,
1322 2871 1428 2942 quam
1465 2870 1584 2920 secum
1621 2856 1780 2941 reputare

350 2943 466 3044 jubet,
493 2969 530 3016 se
553 2969 731 3042 uunquam
756 2945 794 3014 iu·
819 2946 1021 3019 concionem
1042 2958 1289 3019 conventurum
1314 2945 1439 3040 fuisse,
1466 2947 1497 3018 si
1521 2946 1572 3019 iIIi
1595 2972 1671 3018 euru
1697 2943 1781 3018 abo·

356 3044 450 3132 Icudi
467 3043 649 3118 consilium
668 3043 916 3141 approbassent
936 3049 1081 3119 senatui.
1096 3113 1100 3120 ,
1134 3047 1297 3143 Denique
1313 3057 1414 3143 turpe
1432 3046 1649 3120 Crotoniatas
1666 3048 1781 3119 existi·

357 3172 452 3218 mare
478 3142 639 3242 subjicit,
677 3170 715 3216 se
747 3155 979 3217 trecentorum
1005 3145 1151 3216 millium
1180 3144 1224 3216 ad
1245 3147 1432 3218 Traentcm
1458 3147 1602 3217 ssuvinm
1634 3149 1808 3239 victores¹

358 3245 583 3319 amillesima
609 3245 747 3339 illorum
772 3255 870 3340 parto
893 3247 931 3314 in
956 3247 1033 3342 ipsa
1059 3244 1144 3316 urbe
1170 3270 1191 3317 o
1215 3246 1318 3343 primi
1340 3246 1462 3320 videri.
1524 3243 1693 3346 Apollou.
1718 3273 1776 3345 ap.
1897 3309 1901 3316 .

357 3345 492 3420 Jambt.
519 3344 556 3446 ἓ.
573 3342 670 3416 259.
688 3339 785 3416 260.
838 3343 1049 3443 Quicunque
1068 3271 1406 3418 exacerdatissimum
1424 3346 1600 3447 Conncao
1621 3347 1780 3422 factionis

359 3450 512 3520 animum
540 3448 623 3518 satis
649 3446 860 3542 perspexerit
885 3445 1056 3543 simulque
1081 3446 1180 3519 iIIum
1212 3448 1399 3521 accusandi
1424 3449 1676 3547 perorandique
1706 3477 1779 3522 mo·

359 3547 444 3620 durn
478 3547 714 3642 rationemque
743 3545 924 3644 diiigenter
956 3551 1148 3620 excusserit
1174 3559 1277 3644 atque
1309 3550 1575 3640 examinaverit,
1613 3549 1781 3650 largiatur
1843 3546 1846 3555 ’

361 3673 504 3720 necesso
531 3657 605 3740 est,
637 3648 751 3720 omnia
776 3645 1007 3746 Pythagoreis
1032 3647 1166 3748 objecta
1193 3649 1357 3740 crimina,
1385 3662 1528 3749 exceptu
1549 3650 1609 3748 illo
1636 3650 1782 3724 consilio

280 3787 285 3796 ·
359 3775 430 3822 uon
455 3747 621 3848 probato,
660 3746 754 3848 quod
779 3746 919 3846 quidem
948 3775 1065 3823 coram
1092 3751 1258 3824 concione
1285 3747 1460 3838 difficilius
1491 3751 1614 3826 fuisset
1640 3753 1780 3850 excogi-

406 4035 444 4122 1)
466 4039 556 4112 Quos
577 4062 686 4108 versus
708 4039 768 4106 sub
791 4037 918 4104 nomine
938 4039 968 4105 P
1003 4037 1147 4144 hagoree
1173 4039 1392 4128 composuisse
1416 4042 1484 4132 ejus
1504 4041 1781 4131 discipuioa,''ad-

470 4121 517 4189 dit
544 4125 733 4212 Apollonius.
777 4123 932 4190 Fortasse
978 4125 1105 4212 escnpti
1132 4135 1206 4191 sunt
1232 4147 1270 4191 ex
1298 4137 1374 4194 noto
1403 4127 1611 4217 Pythagorae
1638 4129 1782 4218 subjecto

436 4280 441 4289 ¹
471 4207 574 4308 §acro
591 4209 770 4308 ‘Sermoum
799 4209 852 4298 qui
874 4209 1087 4361 updeouuryue
1109 4210 1299 4361 co'rrolpatas
1321 4211 1497 4300 phiIosophi
1519 4213 1691 4282 sententiae
1707 4235 1783 4280 rcr-

469 4291 555 4358 srbus
591 4294 728 4362 inclusus
764 4296 958 4362 continuisse
998 4317 1026 4360 vr
1050 4306 1131 4364 etur.
1226 4299 1401 4364 roocmium
1437 4299 1566 4366 exhibet
1601 4299 1781 4366 Heraclidis

469 4398 488 4440 e
510 4375 605 4442 itome

489 4399 508 4464 p
579 4483 630 4558 a*
660 4491 731 4560 νέοι
749 4483 845 4586 ιοἷλλοὶ
874 4491 1018 4578 σέβεσθε
1046 4481 1129 4577 μεθ’
1154 4483 1293 4582 ἡσυχίας
1322 4487 1401 4560 τάδε
1430 4485 1554 4598 πάντα.

471 4625 521 4693 ap.
542 4600 642 4689 Diog.
664 4600 774 4670 Lean
795 4601 890 4682 VIII,
910 4603 942 4667 7.
