4438 5292
1104 575 1365 690 74⁴·-

526 767 734 862 scriptorum
760 763 869 856 loeis,
898 764 1027 864 quibm
1047 765 1174 840 diserte
1193 763 1359 858 ashur,
1386 761 1628 863 Pythagoram
1652 768 1697 834 αι’
1719 762 1833 860 cipuli
1853 785 1948 836 com-

489 925 494 932 .
525 868 640 940 marnis
672 864 814 940 scholae
845 866 902 938 vel
928 879 1014 959 jeus,
1061 893 1152 966 quos
1184 891 1365 964 umqum
1397 875 1498 938 anter
1528 863 1714 952 viderint,¹
1744 865 1951 961 cognovisse

526 969 680 1058 ααίσοο,
725 966 772 1037 cf.
806 965 954 1039 Jambl:
977 963 1061 1040 257
1092 980 1128 1041 ct
1154 963 1251 1040 258.
1313 966 1465 1064 Signum
1501 963 1715 1064 agnoscendi
1745 988 1822 1036 eme
1863 989 1950 1062 guo-

525 1070 639 1142 mouis
670 1065 784 1165 lipara
816 1067 923 1140 foisse
954 1067 1039 1140 milri
1067 1069 1234 1160 videtur,
1262 1067 1361 1164 quod
1384 1092 1428 1140 cx
1454 1078 1578 1138 neutra
1601 1063 1831 1163 Pythagorici
1863 1089 1950 1162 guo·

527 1170 639 1242 monis
671 1166 820 1265 'collip03
859 1179 914 1242 est
940 1171 1034 1241 euim
1059 1169 1298 1242 familiaritatis
1322 1169 1424 1266 quasi
1448 1178 1484 1240 et
1513 1164 1765 1264 conjunctionis
1794 1166 1947 1264 signam,

528 1292 814 1467 llbhalh
830 1270 951 1442 “tlt
978 1269 1326 1471 ‘bilb‘lll‘l'
1333 1278 1415 1442 ’ll‘
1443 1267 1687 1448 ,affin
1702 1267 1947 1438 iasub

528 1495 553 1567 p
642 1493 837 1668 possideam
850 1571 1022 1646 societatis
1039 1572 1192 1644 instituta
1207 1571 1303 1642 miris
1315 1566 1578 1642 difficultatibus
1595 1565 1761 1658 districta,
1779 1577 1948 1663 σσιιιῐσια

495 1670 603 1769 xlieri
636 1673 749 1767 potuit
776 1670 1062 1768 diligentissime,
1099 1671 1376 1762 enucleavimus,
1416 1695 1480 1768 age
1513 1671 1664 1741 rationes
1698 1665 1963 1760 subducemus„
2017 1735 2025 1748 ,

402 1795 406 1802 ’
527 1772 742 1863 indicantes,
779 1769 864 1867 quid
895 1771 976 1860 sibi,
992 1772 1139 1844 voluerit
1172 1796 1252 1843 cum
1284 1772 1353 1844 illis
1380 1769 1476 1868 Pyth
1543 1795 1613 1840 ras.
1677 1769 1735 1840 Ex
1760 1768 1824 1860 iis,
1859 1793 1948 1866 quae

529 1871 572 1942 de
610 1870 889 1943 crotoniatarum
935 1872 1082 1944 civitatis
1123 1882 1213 1942 statu
1249 1897 1292 1944 cx
1330 1793 1549 1944 Dicaearhbh
1584 1879 1620 1941 et
1654 1869 1798 1940 destino
1840 1891 1947 1966 supra

530 1972 751 2068 scripsimus,
777 1972 883 2042 ¹rarruc
909 1969 1037 2068 liquet,
1074 1971 1294 2070 depravatam
1318 1971 1482 2068 temporis
1507 1969 1657 2042 indolem
1687 1967 1783 2040 haud
1805 1991 1946 2063 parvam

528 2072 565 2142 in
591 2067 849 2169 Pythagoram,
880 2097 987 2171 quum
1014 2071 1167 2144 scholam
1194 2070 1376 2164 conderet,
1411 2071 1606 2143 exercuisse
1628 2069 1712 2140 vim.
1767 2067 1946 2140 Sodalium
1980 2057 1989 2070 ⁶

529 2172 619 2241 cuim
638 2171 744 2242 vitam
761 2169 911 2242 sobriam
926 2182 960 2243 et
977 2171 1192 2270 dispositam,
1220 2169 1498 2243 crotoniatarum
1519 2181 1780 2267 ceterorumque
1795 2167 1947 2268 Magnae

528 2270 699 2342 Graeciae
729 2269 938 2370 populorum
968 2271 1124 2345 luxuriae
1158 2269 1352 2344 deditorum
1381 2269 1535 2344 moribus
1562 2295 1708 2369 prorsus
1741 2271 1950 2341 contrariaru'

528 2383 561 2443 ct
597 2372 771 2442 inimicam
810 2369 1111 2470 deprehendimus.
1185 2371 1267 2443 Hac
1306 2381 1399 2444 certe
1433 2395 1536 2442 carisa
1570 2397 1690 2442 rursus
1725 2369 1762 2441 id
1799 2369 1949 2444 assecuti

424 2545 428 2554 ,
477 2541 480 2550 ,
526 2487 666 2566 morus,
699 2469 921 2572 Pythagorae
947 2473 1091 2546 consilia
1118 2483 1255 2546 utnon
1285 2471 1361 2545 sola
1390 2481 1504 2544 mente
1530 2473 1740 2570 excogitata,
1775 2468 1836 2540 sed
1859 2479 1946 2540 tem-

525 2597 611 2671 pore
636 2571 786 2645 adducta
810 2584 844 2644 et
868 2576 996 2646 nubila
1024 2585 1198 2671 patemus.
1253 2572 1436 2646 Societatis
1462 2571 1632 2668 descripta
1659 2571 1814 2642 instituta
1841 2565 1946 2641 modo

526 2674 570 2744 ad
604 2675 710 2744 animi
739 2672 910 2743 culturam
942 2673 1171 2770 pertinebunt.
1206 2673 1449 2747 'Generosam
1476 2674 1630 2770 corporis
1655 2670 1876 2770 dignitatem,
1912 2681 1947 2740 ct

526 2773 633 2842 animi
668 2773 935 2844 concinnitatem
974 2773 1144 2869 prodere,
1195 2776 1264 2846 hoc
1298 2774 1453 2845 omnium
1487 2772 1679 2846 studiorum
1718 2783 1823 2867 caput
1858 2781 1941 2842 erat.

483 2871 485 2878 '
529 2869 696 2967 Corporis
715 2867 876 2942 libidines
901 2867 1100 2968 dispellere,
1133 2875 1239 2944 animi
1261 2871 1475 2945 harmoniam
1497 2897 1637 2945 servare
1665 2882 1699 2946 et
1726 2871 1796 2944 alta
1826 2872 1946 2968 requie

526 2972 652 3043 interni
686 2979 876 3044 concentus
908 2974 1058 3068 speciem
1091 2973 1376 3071 praeseferre,
1410 2971 1633 3070 Pythagorae
1666 2971 1841 3044 comortio
1866 2993 1944 3068 pre·

527 3070 640 3170 prium
662 3081 735 3144 erat
756 3068 805 3174 ¹).
861 3074 963 3145 Patet
987 3099 1102 3166 nune,
1135 3101 1203 3172 qua
1229 3101 1273 3148 ex
1298 3097 1405 3145 eausa
1421 3068 1601 3172 Apollinis
1625 3071 1755 3146 cultum
1778 3073 1947 3169 receperit

528 3172 763 3269 Pythagoras.
828 3174 919 3265 Quis
947 3175 1038 3248 enim
1068 3176 1155 3248 alius
1190 3173 1466 3274 perturbationes
1499 3186 1534 3246 ct
1566 3173 1711 3244 allectus
1744 3171 1943 3270 profligare,

529 3272 607 3366 quis
637 3271 732 3340 hamc
762 3273 1007 3367 tranquillum,
1049 3277 1205 3348 sedatum
1231 3289 1265 3350 et
1293 3272 1510 3374 aequabilem
1535 3275 1688 3346 animum
1714 3271 1886 3344 addacem
1912 3279 1947 3343 et

530 3393 735 3442 conservare
759 3380 913 3466 poterat,
948 3398 1052 3470 σασα]
1078 3375 1136 3445 illc
1162 3377 1279 3448 deus?
1762 3441 1767 3452 .

643 3469 764 3563 Quum
789 3473 927 3564 omnia,
963 3497 1051 3570 quae
1076 3473 1259 3574 hucusque
1284 3474 1328 3546 dc
1355 3471 1514 3546 sodalitio
1540 3469 1779 3572 Pythagorico
1805 3472 1945 3570 scripsi·

529 3599 628 3666 mus,
662 3572 707 3644 ad
736 3575 833 3672 ipsos
860 3571 998 3646 sodales
1022 3577 1237 3672 pertineant,
1270 3597 1336 3647 nec
1360 3573 1404 3645 de
1429 3575 1494 3665 iis,
1525 3575 1586 3670 qui
1618 3577 1782 3647 socictate
1807 3571 1946 3670 quidem

529 3675 681 3768 exclusi,
716 3697 797 3745 cum
830 3673 899 3747 illis
929 3685 1044 3747 tamea
1076 3675 1252 3776 eonjrmcti
1286 3686 1405 3768 eraut,
1446 3673 1584 3746 dicendi
1608 3676 1746 3748 occasio
1771 3670 1948 3748 obvenerit

573 3924 739 4021 1)’Attal
768 3927 810 4020 dr}
838 3935 867 3998 el
902 3927 953 4018 μὴ
981 3929 1141 4018 δημοσίᾳ,
1177 3929 1245 4014 tal-'o
1276 3931 1367 4000 'erola
1399 3928 1534 4020 ἡγεμών
1563 3931 1719 4003 παιδείας
1748 3919 1848 4002 alric
1884 3927 1947 4009 §aa
2033 3920 2035 3928 ¹

636 4021 767 4105 λέγεται
780 4015 939 4103 Ὄμηρος
966 4017 1145 4104 γενέσθαι,
1173 4021 1208 4080 οἳ
1227 4021 1353 4082 ἐκεῖνον
1373 4010 1515 4104 ἠγάπων
1541 4021 1596 4086 tat
1624 4014 1782 4096 συνουσίᾳ
1802 4015 1858 4080 καὶ
1878 4025 1948 4087 τοῖς

634 4098 786 4192 ὑστέροις
814 4092 893 4169 ‹ido'v
920 4123 998 4166 τινα
1027 4099 1216 4185 παρέδοσαν
1245 4101 1326 4184 βιόα
1352 4093 1563 4203 Ὁμηρικήν,
1602 4099 1712 4190 ὥσπερ
1736 4090 1948 4185 ,Πυθαγόρας

636 4181 737 4264 αὐτός
763 4213 800 4253 σε
825 4178 1045 4288 διαφερόντως
1074 4185 1128 4252 ἐπὶ
1153 4175 1260 4269 τούτῳ
1289 4178 1474 4288 prorupta,
1512 4185 1568 4250 ael
1596 4191 1630 4254 οἱ
1650 4181 1784 4270 ὕστεροι
1814 4187 1866 4250 ἔτι
1893 4184 1947 4248 ecl

636 4273 703 4342 οὖν
724 4273 966 4360 Πυθαγορσιοο
991 4261 1122 4368 σρόαοο
1149 4271 1418 4353 ἐσονομαζοοσες
1445 4267 1612 4420 rorifluo
1642 4268 1769 4356 (Cebes
1799 4263 1946 4350 Tabe)

636 4355 809 4440 ὃαιφαοαῑς
835 4380 885 4440 aas
906 4353 1060 4423 deaooow
1085 4351 1172 4419 siam
1199 4355 1234 4420 ἰν
1256 4366 1327 4426 σοῖς
1347 4347 1477 4428 «illoesa
1537 4353 1589 4418 icit
1610 4353 1763 4418 Socrates
1792 4373 1810 4416 a
1835 4399 1843 4417 .
1865 4347 1946 4415 Plat.

548 4445 587 4512 “,
640 4437 681 4502 de
702 4439 754 4504 Re
776 4439 843 4507 .X.
864 4427 901 4524 ρ.
914 4439 995 4502 600.
1010 4440 1045 4520 A.
1061 4437 1099 4501 Β.
1128 4434 1212 4520 (bel.
1235 4431 1361 4500 Aristid.
1384 4434 1473 4500 Orat.
1504 4435 1545 4502 Τ.
1563 4437 1605 4502 11.
1630 4434 1742 4525 past
1762 4447 1796 4501 et
1858 4485 1865 4498 .
1896 4431 1946 4498 ed.

635 4522 728 4586 Jebb.
749 4463 868 4588 bosch.
889 4520 1006 4606 Pracp.
1027 4517 1168 4584 saxu.
1192 4541 1220 4606 p.
1233 4520 1306 4584 019.
1330 4519 1367 4583 Ο.
1383 4517 1423 4582 D.
1447 4517 1497 4584 ed.
1514 4520 1616 4606 vig).
1660 4519 1751 4586 ldem
1776 4529 1885 4586 uamat
1905 4515 1947 4582 de

634 4605 849 4696 Pythagoreis
871 4605 920 4670 sui
943 4605 1093 4692 temporis
1114 4603 1246 4670 Isocrat.
1269 4605 1300 4666 iu
1322 4595 1425 4668 Bus'ir.
1456 4627 1482 4670 c.
1499 4605 1548 4672 ll.
