4428 5306
886 482 1287 632 ..aa-'⁵·

307 744 432 844 grandi
465 742 631 843 meraniae
653 743 700 814 ‘vi
746 742 945 836 resarcidt,
996 737 1156 816 Aristox.
1199 765 1257 840 ap.
1293 737 1429 816 dambl.
1476 739 1514 844 ἓ.
1542 739 1639 818 259.
1680 747 1729 819 cl.

290 845 418 920 ·Itiod.
446 847 484 918 in
508 845 599 918 Exc.
627 843 748 920 Voles.
788 870 826 941 p.
852 839 949 916 554.
1016 842 1099 935 Quo
1124 867 1207 916 vero
1230 839 1338 916 falsae
1370 843 1540 941 opinionis
1573 843 1731 922 defensa·

309 973 365 1022 res
391 948 568 1038 nituntur,
615 947 774 1042 inprimis
800 943 889 1016 illud
913 953 965 1016 est
994 941 1037 1016 ile
1058 931 1376 1043 Pythagoricorum
1402 947 1539 1039 coena,
1577 946 1621 1021 de
1644 973 1730 1046 quo,

309 1074 417 1147 quum
441 1045 485 1120 ab
508 1045 677 1120 hocloco
703 1046 852 1119 alienum
877 1045 942 1137 sit,
983 1055 1103 1142 postea
1127 1062 1299 1144 agemus·

421 1149 653 1221 Revertamur
676 1146 770 1219 unde
794 1145 924 1244 egressi
948 1169 1081 1218 sumna.
1127 1145 1518 1221 massmannum·
1537 1157 1609 1239 est,
1644 1173 1734 1246 qaue

309 1248 509 1322 decollatis
544 1245 704 1322 omnihus
737 1245 839 1320 bonis
865 1257 900 1322 et
935 1245 1139 1320 collatorum
1171 1257 1311 1344 recepto
1344 1245 1452 1345 duplo
1485 1249 1622 1348 prodita
1649 1249 1732 1343 sint,

308 1375 350 1426 ea
373 1351 613 1424 commenticia
634 1374 722 1422 esse.
786 1346 907 1439 Quum
938 1348 1086 1420 vitarum
1118 1349 1187 1421 scri
1212 1359 1304 1421 tores
1331 1360 1488 1422 enarrata
1511 1349 1736 1450 Pythagorae

312 1441 511 1555 δοκιμασίᾳ
519 1451 533 1539 ,’
553 1447 639 1549 quid
663 1447 722 1523 illc
745 1447 789 1524 dc
814 1447 1063 1546 discipulorum
1091 1375 1261 1522 classibus
1284 1451 1518 1542 constitnerit,
1551 1464 1735 1526 annectere
1833 1541 1836 1550 ι

310 1553 465 1643 soleant,
503 1577 619 1626 meum
644 1574 739 1622 nunc
764 1561 837 1642 est,
883 1552 986 1624 etiam
1011 1548 1104 1624 bane
1129 1560 1266 1623 nostrae
1291 1548 1454 1624 historiae
1475 1563 1610 1649 partem
1635 1565 1736 1627 antea

311 1663 543 1750 pertractare.¹
588 1649 777 1724 Clamitent
798 1675 917 1724 omnes
942 1651 1080 1724 serioris
1105 1653 1224 1724 acutis
1249 1652 1459 1747 scriptores,
1495 1651 1735 1752 Pythagoram

311 1753 526 1828 distribuisse
561 1751 750 1848 discipulos
782 1751 938 1824 nondum
960 1764 1118 1849 receptos
1143 1753 1179 1823 in
1203 1753 1395 1843 acusticos,
1439 1754 1541 1825 etiam
1578 1777 1735 1825 acosma·
1779 1767 1796 1778 ‘

312 1857 399 1929 ticos
433 1855 490 1927 vel
520 1841 716 1926 sistericos
737 1851 878 1946 idiotas,
917 1863 1075 1950 receptos
1104 1877 1187 1926 vero
1219 1864 1254 1925 et
1286 1853 1450 1927 societati
1475 1851 1667 1950 adscriptos
1699 1857 1736 1926 in

312 1955 589 2046 mathematicos,
632 1955 817 2028 esoterioos
847 1951 905 2026 vel
937 1952 1146 2026 theoreticus
1183 1950 1421 2056 (physicos),
1457 1954 1636 2051 politicos,
1673 1945 1737 2029 nol

312 2055 536 2146 motbeticos,
570 2065 605 2128 et
629 2052 839 2174 sebasticos,
883 2065 995 2175 cetera
1021 2065 1061 2127 ut
1081 2055 1236 2128 omittam
1261 2056 1468 2154 cognomina
1501 2051 1614 2155 (quae
1642 2053 1738 2163 lege

312 2182 359 2331 ii
383 2151 1333 2356 il„fflillslitlllinl‘lssililialpii}
1352 2166 1739 2355 attestata

251 2377 261 2394 “
311 2359 447 2433 silentio
477 2383 620 2455 prorsus
653 2367 844 2430 banseunt.
910 2355 1160 2452 Reputandum
1196 2359 1309 2445 enim,
1357 2359 1565 2436 recentiores
1604 2361 1641 2430 in
1683 2359 1738 2428 bis

313 2459 472 2532 omnibns
497 2483 570 2530 non
594 2482 656 2547 ea,
703 2455 831 2552 quibus
861 2455 948 2524 vixit
971 2453 1216 2552 Pythagoras,
1256 2453 1318 2524 sod
1349 2478 1438 2550 quae
1470 2479 1549 2526 eum
1582 2457 1738 2528 insecuta
1863 2533 1866 2550 ⁸

282 2597 287 2602 -
313 2572 396 2631 suat
411 2571 565 2653 tempora
586 2565 705 2651 utpote
728 2552 799 2624 illis
824 2554 972 2644 notiora,
998 2554 1196 2650 saepissime
1217 2551 1437 2648 confindiase3
1471 2555 1605 2627 scilicet
1626 2553 1737 2628 deleta

313 2660 475 2730 societate
499 2657 709 2752 ceterisque,
760 2653 820 2750 qui
850 2652 935 2750 fuga
966 2655 1072 2724 vitam
1103 2665 1349 2746 servaverant,
1396 2654 1595 2752 dissipatis,
1642 2658 1739 2728 varia

313 2756 616 2856 Pythagoreorum
650 2749 784 2844 studia,
829 2775 919 2849 qnae
951 2754 1093 2825 vivente
1123 2765 1348 2852 praeceptore
1379 2755 1416 2825 in
1449 2781 1558 2827 unum
1591 2755 1741 2829 conllata

314 2869 433 2949 erant,
471 2881 565 2928 nunc
590 2855 738 2926 dissecta
760 2877 802 2924 ac
826 2853 989 2950 dissipata
1010 2853 1268 2946 tractabantur,
1314 2857 1361 2926 ita
1386 2867 1426 2927 ut
1448 2856 1507 2928 alii
1528 2855 1741 2953 reipublicae

313 2957 505 3057 gerendae,
549 2954 684 3054 legibus
710 2952 860 3026 ferendis
887 2965 921 3027 et
947 2953 1172 3052 colligendis,
1220 2955 1277 3027 alii
1304 2953 1544 3054 philosophiae
1579 2956 1740 3030 excolen-

317 3059 380 3132 dae
402 3055 543 3156 operam
568 3068 747 3128 navarent.
800 3054 856 3127 lta
879 3053 1107 3148 factumest,
1144 3064 1184 3127 ut
1206 3055 1351 3154 singulis
1378 3057 1631 3129 institutionum
1658 3083 1738 3152 par-

317 3149 584 3258 tibus‘sinypdoa
610 3153 858 3253 discipulorum
892 3155 1031 3228 ordines
1056 3154 1275 3228 instituerent
1298 3157 1440 3253 posteri.
1501 3159 1741 3233 Veruntamen

317 3259 385 3334 boc
411 3269 543 3334 certum
568 3268 603 3331 et
632 3255 836 3332 clandestini
862 3257 1029 3329 consortii
1053 3253 1162 3329 indoli
1186 3281 1384 3356 congruens
1415 3269 1489 3350 est,
1530 3257 1660 3354 duplex
1685 3283 1741 3332 so·
1811 3343 1819 3350 ³

320 3363 453 3537 :titt
475 3357 818 3535 diffidit
832 3354 930 3555 spa
965 3353 1279 3556 ,illabili
1289 3359 1741 3554 ,t‘tttltffltaltt

635 3507 647 3552 ,
822 3509 831 3529 .
906 3510 915 3530 .
1063 3509 1071 3527 .
1130 3510 1139 3528 .
1218 3511 1226 3529 .

321 3575 506 3660 utrumqne
531 3557 808 3658 compellaverit,
842 3557 978 3631 deliniri
1010 3559 1143 3656 nequit.
1165 3511 1252 3615 --²
1279 3555 1454 3630 Absoluta
1487 3561 1598 3657 prima
1628 3571 1764 3658 parte„

321 3666 470 3762 quaein
499 3659 688 3762 probandis
720 3659 996 3758 recipiendisque
1025 3656 1203 3754 discipulis
1237 3657 1461 3750 versabatur,
1506 3671 1641 3757 tempus
1675 3671 1740 3751 cst,

315 3765 480 3862 juvenem
512 3765 580 3850 rito
615 3760 832 3859 exploratum
867 3761 905 3834 in
937 3761 1134 3832 societatem
1171 3756 1363 3850 deducere,
1416 3783 1564 3860 eumque
1601 3762 1638 3832 in
1676 3768 1742 3832 nu·

321 3890 452 3939 merum
496 3862 720 3964 Pythagorae
767 3860 950 3958 disciplina
990 3859 1269 3959 dignissimorum
1312 3859 1454 3934 referre.
1532 3857 1622 3934 Noli
1659 3886 1742 3932 vero

321 3977 541 4064 exspectare,
581 3963 821 4064 Pythagoram
845 3960 891 4034 ad
915 3965 1088 4034 sammoni
1114 3963 1287 4040 societatis
1312 3987 1457 4061 scopum
1485 3963 1600 4036 statim
1633 3961 1742 4032 admi-

322 4067 407 4138 sisse
425 4066 591 4165 y'uvenem
610 4069 806 4138 munnam.
870 4059 932 4135 ab
957 4062 1025 4136 boc
1051 4062 1190 4135 demum
1214 4073 1368 4160 tempore
1394 4065 1508 4161 eoepit
1539 4075 1744 4160 praeceptor

321 4165 483 4264 discipuli
504 4171 656 4240 animum
682 4177 718 4238 et
737 4175 895 4249 mentem,
912 4190 976 4238 suo
996 4162 1101 4237 modo
1126 4163 1342 4237 conformare
1354 4213 1372 4256 „
1394 4165 1572 4236 instituere
1593 4173 1627 4237 ct
1640 4188 1742 4238 exco-

320 4267 412 4361 lere,
450 4267 560 4340 donee
586 4267 778 4367 perlectum
800 4277 835 4339 et
861 4266 1050 4363 sapientem
1076 4265 1121 4338 ad
1145 4265 1300 4338 ultimam
1318 4264 1536 4362 disciplinam
1550 4267 1742 4363 percipien-

321 4369 401 4440 dam
436 4367 637 4443 abduceret.
709 4369 968 4468 Interroganrus¹
1001 4393 1119 4459 nunc,
1168 4392 1257 4464 quae
1286 4366 1390 4439 suerit
1422 4366 1623 4439 instituendi
1656 4367 1744 4437 ratio

320 4481 355 4541 et
378 4464 553 4568 montorio
576 4469 741 4568 peracta?
781 4465 879 4543 Ante
902 4471 1017 4544 ornnia
1043 4467 1384 4542 animadvertendum
1404 4479 1477 4560 est,
1504 4467 1742 4567 Pythagoram

320 4567 416 4670 leges
453 4573 628 4646 sodalitias
665 4572 951 4671 praescripsisse,
1000 4569 1127 4678 quibus
1160 4570 1245 4671 quid
1279 4595 1420 4669 quoquo
1443 4569 1498 4644 die
1531 4567 1739 4656 laciendum,
