4428 5306
888 545 1293 622 ...55-.

302 771 340 842 p.
352 735 592 840 404.Β.)4ὶιι
725 733 1109 828 ,itautresnumcrii
1152 731 1251 806 isint
1270 722 1391 826 (atri
1410 723 1464 810 ra*
1479 715 1733 836 πράγματα).
1852 777 1855 788 ·

304 840 564 930 Arna-Mean,
616 863 690 936 .p.
704 831 802 930 040,
818 834 889 908 55.
915 835 949 928 Ι,
968 833 1009 908 5.
1036 757 1151 928 0444)ὅ
1150 829 1219 906 40.
1248 832 1340 926 XII,
1359 827 1400 904 5.
1429 827 1586 923 974,,0.
1641 835 1735 909 Tota

305 947 410 1044 igitur
430 943 520 1014 entis
543 939 655 1014 forma
680 950 715 1011 ct
741 963 810 1036 qua
835 936 1078 1036 distinguitur,
1111 944 1233 1008 natura
1258 959 1280 1005 a
1305 934 1441 1006 numeri
1463 931 1675 1024 inhaerentia
1699 939 1734 1008 vi

305 1047 407 1117 unica
425 1041 554 1140 pendet
576 1051 611 1114 et
634 1041 866 1113 constituitur.
921 1035 1035 1110 Arist.
1061 1037 1150 1114 Mat.
1168 1034 1261 1109 XII.
1286 1036 1312 1108 l.
1336 1035 1363 1106 l.
1392 1033 1483 1127 etl,
1506 1032 1546 1106 5.
1574 1032 1671 1129 846,
1691 1036 1732 1110 0.

306 1144 483 1237 Quocirca
508 1145 576 1214 nisi
601 1143 735 1213 numeri
758 1139 949 1213 irrationali
974 1141 1136 1212 materiae
1161 1137 1286 1236 adjecti
1310 1145 1447 1228 essent,
1483 1135 1571 1208 nibil
1596 1139 1741 1212 omnino

304 1250 369 1320 rita
393 1246 557 1342 cognosci
582 1267 623 1315 ac
649 1243 780 1340 percipi
805 1251 922 1340 posset
977 1239 1110 1335 Philol.
1137 1266 1156 1312 ι
1185 1293 1194 1312 .
1221 1237 1324 1313 Stob.
1346 1239 1386 1330 I,
1410 1233 1487 1344 22,
1515 1235 1554 1309 7.
1583 1264 1620 1336 p.
1637 1233 1733 1312 456.
1869 1249 1873 1256 ’

307 1344 403 1418 400.
432 1345 473 1437 Ι,
500 1341 549 1435 2,
577 1341 617 1418 5.
654 1340 753 1444 [ιβ.
783 1369 840 1440 ap.
868 1344 964 1415 Boeo
1016 1395 1026 1414 .
1060 1368 1098 1439 p.
1179 1335 1281 1412 ,62
1305 1334 1438 1440 444),
1479 1364 1560 1410 nam
1587 1333 1740 1442 ἄπειρον

308 1471 428 1546 perse
449 1445 596 1544 intelligi
618 1445 759 1542 nequit,
788 1443 835 1516 ct‘.
856 1443 989 1517 Philol.
1005 1469 1063 1542 ap.
1079 1441 1236 1516 Boacbb.
1264 1468 1302 1539 p.
1318 1436 1387 1512 49.
1417 1451 1456 1513 ut
1471 1441 1590 1538 paucis
1607 1440 1735 1538 dicam,

308 1550 418 1621 omnis
435 1549 586 1646 cognitio
599 1571 715 1619 rernm
730 1543 795 1618 sub
809 1571 930 1618 sensus
946 1544 1140 1617 cadentium
1159 1554 1252 1618 certa
1268 1553 1303 1616 ct
1318 1542 1482 1614 distinata
1494 1541 1539 1613 ad
1555 1569 1739 1618 numerum

308 1662 472 1746 tanquam
509 1647 634 1719 ducem
675 1658 778 1744 atqua
815 1648 1017 1744 magistrum
1058 1644 1238 1718 referenda
1273 1655 1347 1736 est,
1402 1667 1474 1715 sea.
1510 1641 1644 1716 Pbilol.
1677 1666 1735 1743 ap.

309 1748 411 1825 Stob.
431 1749 464 1821 I.
493 1774 530 1847 p.
549 1746 590 1819 8.
620 1737 801 1849 (Boeclrb.
826 1743 962 1818 440-
976 1743 1081 1848 42.)
1135 1745 1227 1820 Gom
1248 1745 1317 1817 hoc
1337 1745 1529 1818 arctissime
1555 1743 1739 1842 conjuncta

276 1941 278 1944 ι
309 1863 361 1924 aa
384 1849 552 1922 sententio
577 1848 620 1920 do
645 1863 790 1920 numero
815 1850 969 1921 omnium
993 1850 1161 1920 virtutum
1185 1847 1280 1921 sonte
1300 1845 1515 1937 Philolaica,
1550 1871 1620 1942 qua
1641 1873 1738 1920 men·
1798 1901 1800 1907 ι

308 1952 445 2024 dacium
470 1947 566 2046 quod
588 1946 739 2021 sobriam
761 1949 1028 2048 praestringeret
1049 1951 1301 2048 cognitionem,
1335 1947 1433 2019 nullo
1455 1945 1559 2020 modo
1580 1949 1617 2044 ip
1641 1947 1741 2022 illum

197 2073 206 2086 ·
307 2061 427 2148 utpote
460 2049 525 2122 deo
560 2051 793 2148 coguatiorem
816 2035 963 2149 ideoque
988 2049 1077 2123 nibil
1100 2075 1171 2124 non
1195 2047 1279 2122 mali
1308 2047 1549 2121 excludentem
1571 2047 1738 2146 adspirat,

307 2153 433 2224 ceritas
458 2162 573 2223 antem
603 2153 670 2248 ipsi
697 2151 838 2250 propria
864 2163 899 2225 et
927 2153 1045 2224 innata
1069 2164 1143 2245 est,
1177 2149 1311 2225 Philol.
1342 2178 1400 2249 ap.
1430 2149 1532 2223 Stob.
1551 2150 1582 2221 l.
1614 2177 1652 2248 p.
1671 2148 1736 2222 40.
1860 2176 1868 2200 ¹

309 2251 383 2350 (ap.
414 2251 571 2324 Bocalb.
604 2257 642 2348 p.
664 2246 777 2355 445.)
802 2253 860 2325 of.
890 2247 1088 2352 Archytam
1120 2278 1179 2350 ap.
1211 2252 1314 2326 Stob.
1334 2253 1374 2345 I,
1392 2249 1481 2343 45,
1509 2245 1549 2321 2.
1583 2277 1619 2347 p.
1645 2249 1737 2323 742.

308 2353 409 2445 Quae
435 2352 568 2450 reliqua
591 2364 694 2445 sunt,
729 2354 834 2449 paolo
860 2364 938 2450 post
963 2353 1201 2449 subjicientur.
1383 2389 1396 2410 n
1559 2359 1563 2376 '
1675 2361 1682 2374 '

421 2454 568 2526 Praeter
595 2451 664 2524 duo
691 2452 784 2522 baec.
803 2453 973 2545 principia
1000 2453 1137 2521 tertium
1164 2447 1419 2546 quodammodo
1446 2448 1638 2522 docuerunt
1663 2450 1737 2548 Py-

309 2553 502 2651 thagorici,
545 2549 590 2628 τό
624 2553 683 2639 ἓν,
729 2550 823 2646 quod
850 2548 1035 2621 Philolaus
1067 2549 1221 2620 οιιιιιὶιιιιι
1250 2551 1460 2648 principium
1502 2541 1602 2650 (Ἓν,
1630 2544 1741 2655 ἀρχά

309 2648 485 2740 πάντων,
516 2649 652 2722 ‹tombt
679 2675 737 2748 ap.
759 2648 917 2722 Boecbb.
946 2676 984 2747 p.
1004 2646 1139 2746 450),
1162 2645 1341 2750 Archytas
1363 2661 1499 2742 autem,
1527 2661 1566 2723 nt
1586 2650 1737 2746 videtur,

310 2777 450 2824 commu
482 2761 561 2824 ante
595 2776 754 2844 cansam,
799 2750 994 2844 affirmant,
1039 2776 1097 2847 ap.
1128 2749 1271 2850 Syrien.
1303 2751 1348 2824 ad
1377 2747 1491 2824 Arist.
1515 2751 1605 2825 Met.
1625 2751 1737 2824 XIII.

282 2865 346 2952 .p'.
364 2847 457 2924 402.
476 2853 523 2924 Β.
560 2847 626 2952 (cf.
655 2878 692 2948 p.
709 2848 800 2924 444.
829 2847 985 2950 Archyt.
1009 2877 1067 2950 ap.
1094 2850 1196 2924 Stub.
1216 2851 1249 2923 I.
1278 2871 1315 2949 p.
1332 2847 1444 2951 744.)
1477 2877 1630 2951 quocum
1657 2879 1741 2928 con·

304 2954 415 3052 junge
439 2952 585 3024 alterum
611 2952 727 3024 locum
750 2953 795 3024 ad
816 2951 898 3024 libr.
917 2952 970 3023 II.
999 2979 1036 3049 p.
1055 2950 1093 3024 7.
1122 2951 1183 3024 ubi
1208 2963 1323 3026 tamen
1348 2978 1412 3049 pro
1432 2952 1593 3027 Timolao
1616 2953 1754 3055 Pbilog

310 3054 405 3126 laum
438 3051 660 3124 scribendum
686 3078 763 3126 csse
794 3078 897 3126 nemo
922 3051 1075 3152 negabit.
1141 3051 1244 3124 Illam
1272 3078 1468 3150 supremam
1494 3056 1660 3126 unitatem
1685 3057 1739 3127 in-

311 3155 434 3254 telligit
454 3152 636 3226 Philolaus
665 3151 768 3225 ἁιιιιιι
795 3155 957 3244 unicum,
988 3179 1196 3250 perennem
1228 3151 1462 3248 immobilem,
1494 3153 1532 3226 b.
1553 3181 1585 3227 e.
1614 3162 1740 3244 cuncta
1871 3227 1876 3248 ,

311 3265 520 3347 moventem,
554 3256 736 3326 anemioe
763 3263 877 3325 tamam
903 3251 1127 3346 movendum,
1159 3254 1227 3326 sibi
1249 3257 1364 3353 ipsum
1384 3256 1551 3350 similem,
1591 3256 1635 3328 ab
1662 3257 1739 3330 aliis

312 3354 417 3428 robus
445 3355 640 3447 domum,
680 3353 811 3428 Pbilon
836 3379 895 3452 ap.
920 3355 1077 3436 Boecbb.
1112 3381 1149 3452 p.
1170 3349 1260 3428 454.
1297 3358 1420 3454 quiin
1450 3357 1564 3430 medio
1590 3360 1740 3432 universi

312 3458 393 3554 igue
418 3456 609 3530 collocatus
634 3481 697 3552 per
722 3479 859 3527 omnam
884 3479 1002 3528 rerum
1030 3467 1210 3548 naturam,
1247 3481 1353 3554 qnam
1377 3459 1618 3555 complectitur
1642 3471 1677 3531 et
1702 3461 1741 3531 in
1888 3511 1895 3526 .

313 3557 468 3631 custodia
490 3559 590 3654 quasi
613 3557 737 3628 retinet
763 3555 911 3657 (Philol.
936 3581 994 3655 ap.
1018 3553 1197 3658 Athanag.
1220 3557 1346 3656 Legat.
1370 3585 1426 3654 pr.
1452 3557 1584 3630 Christ.
1613 3585 1651 3656 p.
1668 3555 1738 3633 25.

312 3653 370 3730 ol.
406 3656 595 3758 Iieclrrir.)
631 3657 712 3728 inde
745 3669 914 3731 commeat
944 3682 986 3730 aa
1018 3657 1181 3730 mirificas
1216 3669 1306 3751 suas
1326 3659 1419 3730 vires
1449 3657 1622 3731 tlfll'uudit.
1678 3657 1738 3734 Cf.

313 3755 474 3833 Laetam.
514 3759 557 3830 de
582 3758 680 3830 Fals.
705 3759 823 3858 Ilelig.
844 3759 884 3851 I,
908 3755 949 3831 5.
990 3758 1115 3857 Gyrill.
1151 3758 1291 3832 oadal.
1313 3759 1347 3831 I.
1382 3753 1507 3859 p250.
1559 3759 1740 3835 ¹Philolai·

314 3883 391 3932 cam
426 3862 517 3934 enim
553 3858 675 3932 mundi
707 3861 857 3930 animam
886 3853 1065 3962 (ψυχά)
1101 3860 1146 3933 ab
1175 3863 1250 3959 ipsa
1282 3863 1444 3934 universa
1478 3862 1592 3936 niente
1623 3862 1740 3935 divina

316 3957 505 4056 sejunctam
528 3972 630 4058 atque
651 3959 851 4032 distractam
873 3959 999 4054 suisne,
1030 3985 1114 4044 cave
1136 3988 1181 4034 nc
1202 3961 1343 4054 credas,
1372 3962 1471 4062 cujus
1493 3989 1537 4035 ne
1558 3965 1741 4064 vestigium

316 4058 455 4158 quidem
479 4063 517 4132 in
541 4062 692 4162 genuina
708 4059 931 4166 Pythagorae
949 4061 1108 4151 doctrina
1130 4061 1388 4161 deprehendas,
1422 4064 1580 4138 Platonis
1602 4063 1742 4139 demum
1877 4108 1879 4122 ·

313 4159 528 4260 temporibus
554 4162 623 4235 hoc
657 4161 843 4235 discrimen
869 4164 1053 4238 convenire
1089 4163 1302 4268 constat1).
1377 4164 1593 4240 Diffiottima
1628 4180 1741 4240 antem

357 4420 397 4507 1)
420 4419 502 4488 Orbi
530 4417 630 4498 enim,
691 4441 733 4484 uo
761 4419 882 4508 ingenii
911 4385 1068 4510 animipue
1090 4413 1290 4489 Graeoontm
1316 4422 1438 4492 cultura
1469 4423 1627 4502 decurrit,
1664 4447 1741 4491 oon-

319 4529 322 4534 ·
419 4513 651 4609 praenotaret,
713 4505 851 4572 latonam
873 4507 905 4572 in
928 4529 967 4600 ea
986 4519 1079 4612 parto
1100 4507 1300 4612 disciplinae,
1329 4529 1414 4611 quae
1434 4509 1466 4576 in
1486 4533 1594 4579 rerum
1614 4509 1740 4578 investi·

419 4605 553 4680 ganono
575 4597 734 4674 versatur,
774 4613 967 4681 quamquam
985 4617 1019 4660 ιιι
1050 4592 1190 4683 plunmis
1222 4615 1291 4680 sina
1319 4593 1417 4662 dnbio
1437 4595 1659 4688 Pythagoram
1680 4593 1741 4660 du-
