4428 5306
1090 537 1349 612 -30-

509 726 635 829 quibus
660 723 857 815 seamhsnt,
895 721 1068 816 maculas,
1102 723 1574 804 admirabilifeontinnatione
1605 733 1640 800 et
1665 729 1755 804 serie
1778 711 1869 806 inter
1899 757 1937 808 se

510 830 706 928 colligerit,
743 837 778 899 et
798 823 1084 898 fenei-successu
1107 852 1228 900 eorum
1244 829 1422 900 veritatem
1440 837 1475 900 et
1489 827 1594 900 fidem
1612 825 1777 908 deiendit.
1824 832 1938 908 Nemo

508 955 602 1004 nnnc
624 925 817 1016 dubitabit,
851 927 937 1024 qrsin
962 939 1097 1000 servata
1124 928 1317 1028 fragmenta
1341 929 1482 1027 genuini
1506 925 1693 1002 Philolsini
1719 934 1833 1029 operis
1855 959 1935 1030 par·

506 1045 559 1104 tes
586 1030 725 1124 iirerint.
780 1027 947 1100 Nostrum
971 1053 1054 1101 vero
1078 1039 1199 1102 estex
1230 1029 1285 1101 his
1312 1029 1530 1126 potissimum
1564 1028 1765 1128 lragmentis
1798 1029 1935 1205 ἑΟΙειι-
1975 1055 1978 1060 ·
2020 1029 2023 1034 ’

507 1133 600 1204 dian.
640 1129 804 1204 Mamert.
846 1127 889 1200 de
928 1140 1008 1202 stat.
1045 1131 1151 1202 anim.
1178 1129 1239 1220 Π,
1276 1125 1359 1230 5.),
1395 1117 1569 1202 'adhibitis
1614 1133 1757 1205 vetustis
1824 1133 1937 1232 deque

507 1233 620 1332 dignis
653 1229 816 1304 historiae
842 1228 1080 1327 philosophiae
1105 1227 1333 1329 scriptoribus
1364 1232 1541 1327 antiquum
1565 1228 1838 1330 Pythagoricum
1872 1235 1934 1308 dn·

455 1377 464 1388 ·
506 1335 651 1406 ctrinam
678 1331 771 1403 claro
797 1329 917 1404 ordine
941 1355 1132 1428 exponere,
1169 1344 1204 1404 et
1225 1330 1292 1404 hac
1317 1331 1472 1428 exposita
1493 1329 1538 1402 ad
1570 1357 1744 1404 summum
1779 1333 1934 1430 philoso-

497 1427 608 1532 'phiae
631 1458 775 1530 scopum
801 1431 1000 1504 ascendere.
1063 1431 1137 1504 Sed
1163 1458 1271 1530 quum
1296 1434 1388 1504 inter
1417 1442 1581 1531 angentes
1610 1431 1698 1505 fines
1734 1459 1798 1506 nos
1823 1438 1932 1510 eonti-

504 1559 647 1608 neamns
675 1533 908 1625 accessesit,
945 1532 1105 1605 brevitati
1137 1533 1434 1629 obtemperemus,
1482 1557 1613 1630 eaque,
1648 1555 1736 1630 qnae
1761 1560 1784 1607 a
1810 1527 1950 1610 ceteris'

506 1638 656 1733 antiquis
682 1633 914 1734 Pythagoreis
947 1633 1127 1731 paululum
1154 1633 1288 1708 diverse
1321 1633 1413 1706 dicta
1447 1645 1549 1724 sunt,
1590 1632 1635 1703 ab
1665 1631 1731 1706 hae
1759 1659 1933 1710 commen·

506 1740 634 1810 tatione
665 1735 903 1808 excludamus.
975 1732 1184 1827 Ordiamur,
1230 1747 1268 1806 nt
1294 1735 1415 1808 Tauro
1445 1759 1576 1806 morem
1608 1759 1792 1833 geramus,
1841 1738 1933 1810 unde

505 1837 611 1910 ordiri
632 1836 720 1907 solet
739 1846 893 1906 veterum
919 1833 1160 1933 philosophia,
1197 1835 1235 1907 h.
1262 1841 1295 1908 e‘.
1324 1835 1368 1906 ab
1391 1861 1432 1910 ea
1456 1845 1575 1932 parte,
1615 1839 1766 1934 quaein
1791 1849 1932 1912 natrnae

506 1934 790 2033 contemplatione
814 1947 982 2008 versatur.

618 2103 875 2201 Quaerentibus
905 2103 1027 2198 nobis,
1064 2131 1133 2204 qna
1162 2107 1331 2206 inceperit
1353 2106 1537 2180 Philolaus
1572 2111 1740 2182 sententia
1766 2136 1863 2183 snam
1890 2110 1933 2184 dc

504 2209 625 2284 mundi
664 2208 918 2282 constructione
958 2207 1130 2280 illustrare
1171 2207 1386 2297 doctrinam,
1439 2209 1566 2278 mirum
1597 2209 1634 2279 iu
1673 2209 1815 2282 modum
1851 2237 1930 2310 per·

504 2322 611 2386 tentat
630 2313 782 2384 animum
803 2305 899 2405 quod
924 2305 1276 2380 delibavit-Stohncns
1300 2335 1344 2380 ex
1367 2306 1457 2380 libro
1482 2303 1569 2414 aspi
1593 2303 1731 2406 κόσμου
1757 2311 1931 2408 fragmen·

502 2428 577 2487 tum
603 2413 843 2512 gravissimum
867 2405 986 2508 (Stob.
1002 2409 1084 2480 Ecl.
1113 2408 1226 2507 Phys.
1241 2409 1272 2481 l.
1303 2433 1335 2481 c.
1353 2405 1422 2501 22,
1441 2405 1480 2479 7.
1508 2436 1545 2506 p.
1566 2405 1650 2480 lilid
1664 2405 1776 2482 ertio.
1802 2411 1931 2512 Heer.)

503 2511 726 2588 aBoeclrhio
760 2507 821 2610 (in
845 2507 978 2582 Philol.
1023 2535 1061 2682 p.
1083 2505 1138 2580 dt
1159 2522 1193 2582 et
1212 2507 1300 2610 49.)
1350 2536 1414 2608 pro
1452 2511 1527 2607 ipso
1565 2511 1715 2608 genuino
1745 2509 1933 2583 philol-,101

504 2617 617 2714 operis
644 2611 786 2686 exordio
811 2612 999 2683 rectissime
1050 2608 1194 2681 abitum.
1252 2607 1529 2708 “Quaecunque
1551 2621 1653 2702 sunt,
1692 2610 1777 2682 dicit
1797 2609 1931 2710 Pptha.

504 2740 650 2812 gorens,
687 2723 747 2784 aut
771 2709 868 2780 linita
889 2735 963 2780 csse
988 2712 1103 2781 omnia
1125 2721 1184 2781 aut
1207 2709 1361 2800 inlinita,
1407 2723 1467 2782 aut
1494 2709 1591 2782 finita
1615 2710 1718 2784 simul
1742 2722 1776 2784 ct
1800 2711 1935 2784 infinita

503 2837 643 2885 neccsse
669 2822 744 2903 est3
757 2809 780 2842 ’²
821 2820 855 2879 et
875 2808 979 2903 paulo
1003 2819 1099 2905 post:
1142 2807 1460 2904 “qnandoquidem
1497 2837 1581 2907 ergo
1614 2837 1727 2908 neque
1752 2837 1796 2883 ex
1828 2812 1934 2882 linitis

503 2911 664 2986 omnibus
689 2933 802 3005 neque
827 2907 969 2978 infinitis
995 2905 1155 2980 omnibns
1179 2933 1234 2980 res
1267 2909 1438 3000 existunt,
1474 2920 1589 3006 patet,
1629 2936 1672 2980 ex
1697 2911 1803 2981 linitis
1829 2909 1933 2981 simul

504 3027 538 3088 ct
563 3013 705 3086 ini'mitis
727 3009 971 3083 concinnatum
996 3035 1071 3082 esse
1096 3007 1264 3080 mundum
1293 3033 1361 3105 mre
1432 3011 1513 3079 ein
1537 3033 1577 3080 eo
1602 3009 1729 3079 sunt.”
1789 3005 1850 3080 Ad
1876 3035 1932 3080 res

503 3117 608 3213 igitur
631 3115 666 3186 in
693 3123 815 3184 natura
839 3108 1070 3207 procreandas
1096 3108 1166 3183 duo
1186 3033 1466 3209 principiaellldr
1490 3103 1643 3209 α’ρχοίς)
1671 3111 1789 3181 statuit
1807 3106 1930 3181 Philo·

502 3215 602 3308 laus,
641 3226 744 3309 atque
767 3237 847 3282 cnm
873 3236 913 3282 eo
947 3212 1173 3284 vetustissimi
1197 3211 1433 3310 Pythagorei,
1469 3207 1604 3280 finitum
1635 3208 1802 3298 alterum,
1847 3207 1930 3281 alte·

502 3341 580 3388 rum
602 3313 785 3386 inlinitum.
812 3305 946 3382 -Addc
971 3310 1104 3382 Philol.
1133 3338 1190 3409 ap.
1218 3309 1320 3384 Stob.
1336 3311 1377 3404 l,
1408 3306 1478 3406 ll,
1501 3305 1565 3382 12.
1595 3335 1631 3408 p.
1650 3307 1746 3382 298.
1775 3307 1926 3384 Aristot.

507 3635 510 3640 ⁴
608 3642 683 3736 inihi
708 3639 853 3708 ridentur
883 3637 943 3706 tria
969 3635 1110 3725 quamvis
1141 3635 1227 3705 haud
1261 3638 1387 3708 maximi
1419 3641 1511 3728 pretii
1542 3641 1588 3708 fra
1617 3647 1721 3706 menta
1751 3661 1769 3710 a
1797 3637 1930 3705 Summo

611 3729 688 3792 liro
734 3724 944 3791 raetermissa.
988 3725 1123 3788 Servata
1143 3733 1217 3790 sunt
1239 3744 1258 3787 a
1279 3724 1431 3793 Laurent.
1455 3725 1559 3816 Lydo.
1610 3726 1722 3792 rimam
1743 3723 1775 3788 in
1798 3721 1864 3788 libr.
1888 3723 1930 3789 dc

608 3749 753 3910 Mensib3
780 3831 810 3896 p.
832 3811 882 3874 16.
917 3805 968 3908 cd.
1001 3807 1121 3873 Roeth.
1153 3803 1262 3893 ὀρθῶς
1295 3803 1356 3877 οὖν
1389 3805 1499 3898 dria
1529 3805 1546 3877 ὁ
1580 3803 1752 3880 ΦιλόλαοςΔ
1774 3800 1930 3876 δεκάδα

609 3917 891 4000 npoppyopeunea,
931 3911 974 3968 ως
1011 3887 1164 3993 δεκτικὴ)
1192 3897 1256 3962 τοῦ
1284 3889 1443 3995 duer'pov,
1481 3889 1628 3996 ’Qppsdc
1663 3893 1699 3959 di
1733 3893 1928 3982 κλαὸοῦχον,

605 3985 636 4057 ἐξ
662 4005 720 4065 ης,
741 3979 813 4052 ursi
832 3975 947 4046 κλαδοι
968 3982 1077 4056 τινὲς,
1109 3983 1331 4054 navarrus
1354 3981 1457 4068 educi
1481 4001 1641 4065 φυονται,
1678 3971 1766 4062 quod
1798 3987 1931 4045 notante

507 4079 510 4088 ’
605 4064 672 4152 jam
694 4061 861 4152 Lobechio
889 4061 921 4125 in
944 4062 969 4126 Α
996 4060 1099 4149 laoph.
1128 4059 1170 4126 Τ.
1185 4059 1211 4128 Ι.
1242 4084 1271 4148 ρ.
1291 4005 1366 4130 tlh.
1397 4063 1492 4130 etiam
1514 4059 1682 4127 cedrenus
1705 4062 1820 4150 comp.
1848 4062 1890 4129 Τ.
1902 4063 1928 4129 Ι.

609 4135 720 4249 pite
738 4149 777 4214 B.
802 4156 834 4212 et
853 4145 959 4244 Etynp
1012 4167 1071 4246 pg.
1093 4169 1117 4210 s.
1135 4169 1180 4246 a,
1199 4139 1304 4222 Δεκάς
1336 4171 1366 4236 p.
1382 4147 1456 4212 253.
1486 4143 1664 4228 continent3
1699 4146 1875 4214 secundum
1895 4148 1928 4213 in

608 4230 681 4300 eod.
701 4231 770 4334 hbp.
799 4253 830 4318 p.
844 4231 896 4296 ta.
932 4237 1043 4332 codrus
1065 4223 1126 4332 adp
1159 4224 1359 4333 upp'copu
1389 4228 1452 4330 cdv
1472 4227 1574 4334 ἑπτοὶε
1593 4225 1749 4337 ἀριθμὸν
1771 4228 1789 4300 ὁ
1814 4225 1926 4332 Φιλρλ.

506 4345 508 4350 ’
610 4340 871 4416 ςιροςηγορευσςς
913 4325 1040 4380 tertium
1055 4312 1147 4426 ἰὴιά.
1177 4337 1212 4422 p.
1235 4315 1308 4381 208.
1342 4322 1452 4418 quug
1473 4309 1574 4384 odae
1602 4319 1715 4386 Φιλολ.
1736 4311 1800 4402 τὴν
1822 4315 1926 4382 doado

599 4402 1012 4585 lillibitiss‘stttt
1035 4401 1203 4550 {iiiiii
1205 4399 1531 4572 ‘iia01l”⁸,‚¹¹.⁰¹r.⁰³i.
1547 4401 1770 4586 libili}
1792 4398 1927 4550 iliud

507 4623 511 4632 .
610 4579 762 4658 corrupto
785 4590 929 4650 nomine,
957 4567 1038 4634 sieut
1060 4567 1101 4634 de
1122 4567 1250 4672 graecis
1270 4569 1372 4638 verbis
1394 4589 1494 4660 anper
1515 4571 1651 4660 repertis
1672 4565 1744 4640 nde
1764 4565 1858 4635 infra.
