4428 5306
890 559 1244 636 ...·15‚.·.

296 751 450 838 *Traces
482 745 528 820 ad
559 743 739 921 Lycophr.
772 772 809 820 v.
836 741 933 820 920.
970 745 1027 820 cl.
1055 746 1207 846 Interpr.
1244 741 1463 822 ad'Aristot.
1491 747 1622 824 Mirah.
1651 747 1730 826 Aa·

686 845 755 922 59.
784 847 840 922 erl.
868 847 1014 921 Beclrn.
1043 842 1172 922 Odofr.
1195 847 1322 922 Muell.
1346 849 1436 922 Der.
1454 848 1486 922 1.
1514 849 1656 960 p.265
1672 881 1728 954 sq.

301 853 411 926 scult.
438 878 475 950 p.
492 845 574 922 558
600 859 636 922 et

307 951 498 1027 Herculem
529 951 645 1049 ipsum
676 961 715 1023 ut
744 947 841 1021 urhis
874 949 1087 1024 conditorem
1120 947 1239 1023 laudat
1269 949 1548 1024 Crotoniatarum
1573 955 1727 1054 mythos,

305 1051 356 1125 ihi
379 1051 560 1126 interfecto
594 1077 637 1124 ex
668 1053 857 1148 improviso
880 1049 985 1123 heroe
1008 1049 1161 1125 Crotone
1183 1047 1361 1150 Apollinis
1385 1052 1531 1150 piaculis
1564 1069 1731 1154 purgatus

153 1202 159 1214 ·
307 1179 382 1227 mse
406 1151 553 1225 videtur.
596 1152 655 1223 vid
684 1151 895 1225 Dicaearch.
923 1151 949 1224 l.
977 1149 1003 1224 l.
1033 1163 1069 1226 et
1091 1151 1130 1254 ἓ.
1149 1147 1218 1224 40.
1245 1151 1354 1224 Diod.
1380 1153 1457 1246 lv,
1486 1151 1555 1226 21.
1599 1153 1732 1240 0dolr.
1802 1163 1808 1170 '

300 1253 431 1328 Muell.
459 1253 549 1326 Iler.
575 1253 607 1324 l.
644 1280 681 1352 p.
704 1249 800 1325 119.
862 1253 1017 1326 dunonis
1039 1253 1225 1347 Laciniae,
1265 1279 1371 1352 quam
1392 1253 1649 1353 religiosissime
1672 1283 1730 1330 co·

304 1355 423 1428 lebant
443 1351 664 1428 Crotoniatae
690 1350 793 1456 (Cic.
815 1353 859 1427 de
878 1355 958 1427 lav.
978 1353 1040 1448 11,
1065 1351 1144 1530 l&
1152 1352 1319 1451 templum
1341 1353 1473 1428 divitiis
1503 1353 1673 1454 inclytum
1693 1360 1730 1429 in

299 1458 463 1554 proximo
487 1457 722 1552 promontorio
742 1451 956 1528 situm'crat.
1000 1452 1083 1526 Liv.
1144 1455 1254 1549 XIV,
1279 1452 1320 1528 5.
1349 1455 1478 1529 Strabo
1493 1457 1561 1534 vl.
1580 1484 1619 1554 p.
1632 1455 1727 1530 261.
1851 1473 1855 1482 “
1919 1472 1921 1482 ’

301 1555 413 1648 Quod
439 1553 564 1629 Cicero
590 1553 657 1657 (de
678 1553 793 1656 Legg.
814 1555 873 1649 ll,
902 1553 984 1658 11.)
1010 1553 1098 1629 hene
1119 1557 1272 1648 monuit,
1310 1555 1432 1629 melius
1450 1555 1606 1631 Graecos
1627 1569 1731 1656 atque

306 1659 485 1730 Romanos
511 1657 656 1749 fecisse,
682 1659 811 1755 quippe
836 1659 917 1754 qui,
946 1668 986 1728 ut
1010 1667 1177 1754 augerent
1203 1657 1365 1755 pietatem
1384 1659 1425 1728 iu
1451 1656 1553 1750 deos,
1593 1659 1731 1731 easdem

306 1757 409 1851 illos,
449 1783 536 1858 quas
569 1783 655 1850 uos,
694 1755 799 1829 urbes
832 1752 984 1830 incolere
1015 1755 1208 1850 voluerint,
1251 1758 1373 1830 atl'erre
1405 1759 1497 1830 enim
1527 1757 1620 1831 hanc
1655 1762 1729 1858 opi·

305 1860 444 1932 aionem
485 1857 687 1957 religionem
733 1857 853 1930 utilem
895 1856 1119 1931 civitatibusz
1176 1858 1268 1932 idem
1310 1859 1347 1929 in
1391 1855 1579 1932 Crotonem
1618 1871 1729 1932 trans·

304 1961 392 2032 verti
417 1967 543 2058 potest.
603 1957 812 2032 Incredibile
837 1970 889 2031 est
913 1961 1026 2052 enim,
1067 1969 1235 2056 quantum
1253 1954 1432 2057 Apollinis
1456 1961 1651 2059 praesentia
1681 1963 1730 2056 ei·

221 2101 232 2130 .
304 2058 400 2130 vium
422 2061 546 2131 aniinis
565 2056 722 2157 injecerit
745 2058 942 2160 religionis,
978 2069 1018 2132 ut
1041 2061 1198 2134 notiones
1222 2059 1278 2133 dei
1304 2057 1413 2132 cultui
1437 2062 1574 2133 innatae
1593 2071 1629 2134 et
1648 2062 1731 2134 insi·

302 2170 359 2233 tac
385 2171 492 2233 totam
521 2183 640 2232 eorum
673 2169 831 2232 naturam
857 2171 891 2233 et
920 2159 1072 2234 indolem
1102 2161 1229 2234 mirum
1260 2159 1300 2234 in'
1328 2159 1471 2235 modum
1498 2161 1663 2254 formasse
1697 2174 1732 2235 et

299 2259 497 2336 excoluisse
518 2257 712 2332 videantur.
766 2260 823 2334 lle
843 2259 898 2334 his
921 2258 989 2335 alio
1014 2260 1094 2334 loco
1114 2262 1335 2336 disseremus.
1716 2307 1720 2314 -

300 2435 304 2441 ,
359 2450 360 2454 ¹
416 2357 604 2434 Difficilior
625 2382 720 2435 nnnc
743 2362 854 2433 uritur
879 2365 1034 2459 quaestio
1060 2361 1258 2456 deforma,
1293 2387 1362 2458 qua
1388 2361 1559 2460 descripta
1580 2364 1624 2435 sit
1642 2361 1729 2434 Cro·

304 2465 394 2536 tonis
428 2464 573 2555 civitas,
613 2460 657 2533 de
682 2485 752 2559 qua
778 2485 886 2557 quum
912 2485 983 2532 non
1008 2459 1100 2532 idem
1125 2463 1315 2553 senserint,
1350 2461 1411 2556 qui
1436 2486 1513 2533 eam
1538 2460 1654 2532 adhue
1676 2463 1729 2533 in·
1785 2473 1794 2478 ‘

304 2565 508 2652 stituerunt,
544 2561 690 2632 multum
716 2583 820 2651 vero,
854 2561 886 2632 si
905 2559 972 2632 'rite
997 2571 1210 2658 exponatur,
1237 2563 1274 2633 in
1294 2572 1448 2634 nostram
1472 2561 1729 2660 Pythagoricae

303 2663 475 2736 societatis
499 2661 677 2732 historiam
706 2657 956 2732 enucleandam
982 2660 1156 2754 conferat,
1199 2686 1264 2761 age
1289 2671 1457 2760 quantum
1491 2660 1567 2734 lieri
1583 2693 1587 2710 ·
1603 2670 1728 2758 potest,

304 2757 1381 2961 ἓᾏῗὲκᾞῗῧξῖᾉᾞὲωὲῗωὲἷῗῖῗξῗέι·..111110131ἒὲ
1390 2761 1732 2964 ’.ttttltttff

305 2962 453 3034 civitatis
475 2960 645 3052 formam,
683 2959 796 3058 qualis
819 2971 973 3060 tempore
1003 2961 1087 3054 belli
1113 2961 1302 3062 Sybaritici
1327 2963 1450 3056 luerit,
1490 2962 1593 3036 talem
1624 2963 1731 3036 luisse

305 3061 349 3135 ab
375 3059 463 3134 urhe
489 3061 628 3136 condita
652 3061 866 3154 ordinatam,
910 3062 992 3135 licet
1013 3063 1179 3162 paulatim
1202 3061 1279 3160 jam
1303 3065 1421 3134 minus
1456 3063 1627 3161 placerct3
1671 3087 1729 3160 ap.

265 3193 269 3198 ·
302 3162 437 3236 Jamhl.
475 3160 513 3281 ᾖ.
534 3157 657 3257 aaa,
689 3161 781 3234 idem
803 3173 942 3255 namot,
982 3188 1090 3261 quum
1112 3163 1271 3237 hemines
1294 3162 1480 3262 populares
1506 3189 1582 3236 earn
1605 3161 1731 3234 immu-
1795 3187 1815 3268 Ι·

304 3277 377 3339 tare
401 3261 614 3354 voluissent,
658 3263 861 3361 opposuisse
893 3289 931 3336 se
954 3262 1231 3362 Pythagoricos,
1265 3262 1535 3362 respondentes:
1576 3289 1615 3337 se
1639 3261 1732 3338 nolle

305 3359 1733 3565 1111ῑ1110111111ξ111·19119ῑὲ...ξῖ111..

626 3513 639 3556 r
1031 3515 1043 3556 r
1480 3517 1489 3535 ·

306 3567 371 3642 t‘uit
393 3569 458 3640 ista
486 3561 719 3663 amajorilms
748 3575 890 3662 accepta
922 3565 1134 3664 reipublicae
1166 3567 1392 3640 constitutio?
1449 3563 1635 3638 Summum
1653 3565 1735 3650 ,im-¹

306 3671 454 3768 perium¹
470 3663 608 3739 tenebat
632 3675 772 3738 senatus
797 3665 1091 3764 millepvirorum,
1127 3667 1223 3766 quod
1248 3665 1473 3739 disertissime
1500 3663 1642 3737 tradunt
1666 3664 1731 3735 Di·

308 3768 467 3868 crcarch.
512 3792 570 3838 a.
614 3763 792 3865 Porphyr.
833 3765 871 3868 §-
903 3763 968 3839 18.
1009 3793 1067 3866 ap.
1108 3767 1244 3842 dambl.
1288 3765 1326 3869 5.
1350 3763 1420 3838 15.
1463 3761 1634 3866 Apollon.
1672 3789 1729 3862 ap.
1879 3772 1883 3782 '

306 3869 442 3946 damhl.
499 3793 618 3940 ,260
643 3863 675 3950 οἱ
696 3870 833 3965 χίλιοι,
858 3861 1019 3968 ἀρχαῖον
1043 3869 1101 3944 vel
1126 3859 1307 3973 συνέδριον
1329 3862 1530 3970 γερόντων,
1550 3862 1734 3972 ἄρχοντες

300 3971 397 4070 ’(1111.
420 3966 472 4042 12
505 3967 535 4071 .)
566 3967 701 4063 dictus,
738 3968 846 4041 Diod.
870 3969 947 4044 Sic.
971 3971 1070 4063 ΧΠ,
1098 3969 1139 4045 9.
1175 3997 1259 4045 vero
1284 3971 1440 4044 nominat
1474 3994 1553 4041 eum
1584 3962 1734 4060 βουλήν

182 4100 185 4106 ·
309 4082 345 4144 et
369 4067 605 4168 σύγκλητον,
644 4069 738 4166 quod
769 4095 896 4144 nomen
921 4071 1011 4145 idem
1041 4072 1238 4180 significare
1270 4097 1351 4144 cum
1385 4070 1455 4143 loci
1489 4093 1620 4162 nexus,
1658 4079 1733 4140 tum

308 4172 446 4246 Graeca
470 4172 651 4270 inscriptio
676 4169 799 4264 docet,
830 4174 867 4244 in
893 4197 962 4271 qua
977 4169 1290 4274 Agrigentinorum
1316 4195 1499 4246 consessus
1524 4167 1620 4242 mille
1640 4170 1732 4245 viro·

311 4301 389 4347 111111
438 4267 672 4369 σύγκλητος.
715 4264 826 4354 cove‘d
846 4303 914 4363 ιον,
960 4271 1091 4370 βουλή
1137 4273 1376 4373 compellatur.
1427 4267 1508 4370 (ap.
1543 4267 1732 4343 Gruterum

310 4375 359 4448 Τ.
384 4375 417 4445 l.
456 4401 495 4473 p.
521 4369 616 4445 101.
656 4382 691 4446 et
721 4304 914 4448 Castellum
951 4375 1052 4450 Sicil.
1081 4387 1150 4452 etc.
1190 4385 1274 4449 vett.
1310 4374 1477 4469 inscript.
1509 4396 1601 4444 nova
1637 4369 1729 4443 Coll.

310 4502 348 4573 p.
373 4473 441 4548 79.
469 4471 559 4576 00.)
627 4472 905 4549 Crotoniatcrum
938 4477 1033 4550 mille
1063 4480 1130 4550 uiri
1163 4485 1261 4551 erant
1288 4471 1423 4548 nobiles
1463 4467 1731 4573 (βέλτιστοι),

311 4578 371 4674 qui
396 4601 521 4678 magna
546 4573 711 4674 praedia,
742 4577 778 4648 in
798 4603 889 4676 quae
913 4589 1035 4677 captus
1062 4603 1145 4680 ager
1170 4577 1215 4653 ah
1239 4578 1338 4652 initio
1363 4573 1496 4648 divisum
1519 4585 1554 4650 et
1571 4569 1733 4647 distribu-
