4438 5292
1030 415 1373 536 ’μω-

525 655 631 730 huere
657 649 772 740 rebus,
788 649 990 726 intinitatem
1020 647 1197 754 (intellige
1221 644 1447 752 malasiam),
1483 647 1607 748 itaque·-
1627 673 1715 746 per
1741 673 1788 720 se
1820 657 1958 728 numeri

525 781 648 854 expers
674 765 729 828 est
754 778 796 826 ae
827 763 902 826 tum
926 751 1065 826 demum
1097 749 1166 826 hoc
1203 753 1398 824 continetur
1431 760 1466 821 et
1502 751 1596 848 paris
1619 751 1771 826 ‘nomine
1802 764 1955 850 notatur,

526 883 634 956 quum
666 880 732 954 pro
764 851 906 927 flexibili
938 881 1002 928 sua
1037 861 1161 928 natura
1192 851 1327 925 infinita
1360 875 1382 924 e
1413 849 1545 926 mundo
1573 849 1734 935 haustum
1765 863 1804 926 ut
1830 857 1957 952 imper·

525 960 654 1030 lectum
689 981 731 1028 ao
768 958 900 1052 patiens
938 955 983 1028 ab
1020 955 1146 1053 imperi
1176 977 1322 1026 numero
1354 977 1577 1026 numerorum
1610 963 1752 1050 parente
1791 951 1955 1056 (Origiu.

525 1057 663 1130 Philas.
694 1081 727 1128 e.
743 1053 783 1127 2.
812 1084 849 1153 p.
865 1053 962 1128 880.
979 1053 1030 1129 A.
1060 1053 1235 1153 Theolog.
1254 1049 1443 1126 Arithmet.
1467 1079 1504 1150 p.
1524 1050 1563 1126 7.
1595 1053 1758 1130 Macrob.
1776 1057 1814 1127 in
1829 1054 1953 1130 Soura.

527 1159 627 1330 sap.
647 1159 687 1250 1,
714 1139 1004 1259 caueamur.
1072 1157 1236 1254 cenna
1269 1155 1345 1253 apa
1368 1153 1523 1226 emota
1555 1179 1614 1252 ap.
1637 1153 1741 1228 ssa.
1764 1154 1807 1248 1,
1836 1153 1885 1250 2,
1912 1155 1953 1233 5.

300 1201 304 1210 ι
409 1266 415 1276 ’
529 1287 565 1356 p.
612 1256 654 1330 0.
707 1285 764 1357 ap.
791 1257 950 1332 Bocchh.
985 1285 1022 1356 p.
1042 1235 1154 1358 ldh.)
1187 1254 1294 1330 rerba
1324 1253 1550 1374 comprobant
1581 1259 1836 1330 interminatam
1860 1258 1957 1332 illam

528 1372 631 1458 atque
655 1363 691 1431 in
737 1387 828 1432 mam
851 1372 1031 1452 naturam,
1063 1355 1355 1458 quemadmodum
1384 1381 1476 1430 cmm
1508 1383 1673 1432 numerus
1698 1357 1956 1458 Pythagoricus
2030 1396 2035 1407 ·

525 1461 613 1535 nihil
643 1461 722 1534 l‘alsi
751 1461 899 1536 admittit
929 1459 1017 1562 (vid.
1048 1458 1205 1561 postea),
1247 1459 1299 1530 sie
1330 1451 1504 1562 ἄπειρον,
1549 1458 1644 1556 quod
1675 1472 1788 1532 mente
1817 1471 1897 1559 eget
1922 1473 1957 1534 et

506 1566 682 1656 renone,
734 1591 836 1636 omne
874 1561 1093 1636 mendacium
1137 1558 1371 1658 invidiamque
1408 1570 1593 1656 procreat,
1640 1559 1692 1632 cf.
1725 1555 1877 1634 Aristot.
1912 1561 1954 1640 da

526 1663 658 1738 Morih.
679 1663 740 1757 Π,
770 1663 811 1736 5.
865 1664 1049 1763 Hactenus
1074 1661 1117 1734 dc
1142 1663 1254 1759 prima
1279 1686 1396 1732 eausa.

639 1763 942 1864 Progrediendum
963 1789 1057 1836 nunc
1082 1761 1127 1837 ad
1151 1762 1317 1854 alterum,
1347 1759 1442 1858 quod
1467 1761 1582 1858 posuit
1603 1757 1806 1856 Philolaus,
1839 1707 1953 1872 rdrpm

496 1865 756 1963 ,principium
792 1863 936 1964 ejusque
962 1877 1084 1936 natura
1116 1887 1158 1935 ec
1184 1863 1314 1954 virtus,
1354 1886 1460 1960 (Ῑιιιυιι
1488 1860 1545 1934 vel
1577 1855 1783 1935 Aristotdes
1816 1875 1955 1962 propter

405 2005 409 2015 =
527 1963 730 2064 caliginem,
767 1991 838 2063 qua
862 1965 986 2038 obfusa
1011 1975 1084 2058 est,
1121 1964 1253 2061 sparsis
1277 1961 1365 2034 locis
1390 1972 1450 2036 aut
1475 1959 1637 2033 libentius
1660 1963 1827 2036 intactam
1851 1965 1953 2038 relin-

349 2368 359 2381 ’
403 2461 408 2466 ι
524 2367 678 2468 pist.
717 2397 774 2470 ap.
806 2369 962 2444 Beechh.
999 2365 1081 2469 Μ

527 2067 603 2164 quit
628 2077 689 2139 aut
711 2066 862 2140 breviori
887 2091 992 2164 φιιιιι
1018 2091 1082 2162 pro
1108 2066 1158 2136 rei
1183 2062 1385 2136 diffierdtatc
1411 2062 1509 2135 licuit
1538 2059 1765 2159 explicatione
1790 2063 1951 2157 manat,

526 2167 740 2264 inspicienda
768 2180 821 2240 est
849 2193 898 2239 ac
921 2164 1128 2239 delinienda.
1183 2161 1248 2244 Τιὶ
1274 2163 1506 2266 ’περαίνοντα
1541 2160 1629 2262 (das
1654 2160 1952 2266 Begrenzende),

526 2295 595 2366 qua
617 2294 704 2341 voce
724 2269 793 2342 hoc
815 2269 961 2342 alterum
981 2269 1093 2366 princi
1119 2267 1190 2338 ium
1210 2263 1472 2362 comprehendit
1489 2262 1673 2338 Philolaus
1696 2265 1731 2367 ¹)
1758 2263 1832 2367 (ap.
1848 2265 1952 2342 Stob.

1083 2293 1173 2470 il),
1208 2391 1343 2490 neque,
1378 2367 1410 2439 si
1433 2376 1592 2440 naturam
1629 2377 1785 2465 spectas,
1819 2367 1956 2448 infinito

444 2552 447 2560 .
523 2473 648 2544 similia
673 2498 738 2546 nec
765 2483 911 2570 cognata
937 2483 1019 2544 sunt
1049 2465 1190 2642 giezo?
1210 2495 1282 2564 oux
1305 2465 1424 2560 ὅμοιαι
1451 2459 1524 2548 cv’d’
1547 2463 1740 2566 ὅμὸφυλαι
1764 2493 1821 2565 ap.
1847 2467 1952 2544 stab.

524 2599 561 2669 p.
584 2570 681 2644 460.
711 2599 769 2669 ap.
797 2571 953 2644 Boeclrh.
989 2598 1027 2669 p.
1078 2567 1157 2666 2),
1198 2594 1263 2642 nee
1294 2570 1362 2640 nisi
1393 2567 1488 2640 aliud
1520 2567 1700 2642 accederet
1733 2572 1952 2663 consocians,

525 2677 680 2766 nuptam
712 2675 750 2742 in
778 2698 884 2745 unam
916 2675 1021 2754 vitam
1052 2671 1301 2766 conspirarent.
1360 2669 1468 2742 Hanc
1491 2669 1772 2744 determinantem
1799 2681 1953 2764 causam,

526 2795 631 2866 quam
665 2774 883 2866 quaerimus,
924 2770 1197 2870 Pythagoricum
1230 2771 1267 2839 in
1294 2796 1448 2842 numero
1473 2769 1781 2867 deprehendimus,
1822 2799 1893 2848 nou
1917 2775 1953 2844 in

525 2895 736 2968 quocunque
762 2883 897 2965 tamen,
927 2873 990 2959 sed
1015 2869 1166 2969 simplici
1184 2880 1338 2961 tantum,
1367 2895 1433 2943 nec
1461 2874 1522 2969 qui
1547 2870 1738 2966 abshacta,
1763 2891 1877 2971 :quam
1901 2871 1952 2946 di·
2058 2881 2062 2886 ’

426 3009 436 3018 ·
527 2984 630 3066 cunt,
660 2974 866 3074 cogitatione
895 2975 1110 3068 continetur,
1146 2971 1207 3046 sed
1234 2976 1298 3067 qui
1324 2976 1546 3048 intrinsecus
1565 2976 1720 3070 physice
1743 3002 1789 3048 ac
1814 2977 1955 3048 strathe-

527 3081 661 3148 motice
685 3081 896 3149 extenditur
921 3077 1148 3170 ecrerdemqne
1171 3075 1213 3168 ed
1237 3078 1411 3148 virtutem
1432 3077 1510 3148 fient
1526 3078 1724 3168 formare,
1751 3081 1954 3150 terminare

527 3191 562 3247 et
593 3181 758 3248 excolere
792 3184 922 3272 possit.
972 3172 1078 3249 Atius
1104 3177 1210 3274 igitur
1234 3185 1269 3248 el
1293 3177 1392 3274 quasi
1418 3174 1566 3250 divinior
1591 3176 1766 3250 convaluit
1791 3201 1954 3250 numero·

527 3301 605 3346 rum
638 3303 724 3350 usus
755 3275 849 3375 apud
877 3275 1138 3376 Pythagoram,
1176 3277 1301 3350 mentis
1328 3279 1405 3368 acie
1427 3279 1539 3376 magis
1568 3287 1751 3374 exputatns
1778 3279 1955 3376 nimioque

527 3373 719 3450 tnatheseos
756 3404 871 3451 amore
909 3379 1081 3470 nutritus,
1130 3401 1235 3474 quam
1272 3380 1308 3448 in
1342 3403 1457 3449 rerum
1493 3388 1614 3450 natura
1651 3377 1873 3452 confirmatus
1899 3377 1950 3478 Β).

526 3477 675 3573 Omnia,
704 3505 794 3578 quae
814 3491 896 3553 sunt
921 3491 955 3554 et
977 3477 1087 3569 tima,
1119 3505 1188 3552 non
1210 3476 1323 3550 solum
1347 3478 1539 3552 secundum
1563 3505 1726 3553 numeros
1746 3479 1784 3552 h.
1805 3505 1838 3552 e.
1862 3491 1953 3554 ratas

526 3579 758 3656 arithmeticae
782 3585 934 3658 rationes
966 3578 1258 3683 (μαθηματικὰ
1282 3575 1486 3681 densete),
1526 3579 1588 3654 sed
1614 3605 1658 3652 cx
1683 3581 1726 3651 iis
1747 3579 1832 3678 ipsis
1857 3578 1896 3654 h.
1917 3605 1949 3654 e.

527 3705 571 3849 gx
594 3685 670 3850 ipsa
695 3709 812 3756 rernm
837 3691 1050 3758 asserturus
1074 3693 1177 3756 rnsrta
1201 3707 1267 3754 nec
1289 3706 1312 3753 a
1336 3679 1441 3770 rebus
1465 3693 1622 3780 separata
1651 3676 1780 3782 (Arist.
1807 3679 1898 3756 Met.
1916 3682 1950 3774 1,

633 3778 700 3875 47,
725 3780 793 3853 50.
828 3783 907 3874 xl,
936 3781 976 3854 6.
1012 3781 1111 3875 xll,
1135 3779 1175 3854 5.
1223 3781 1370 3883 Physic.
1392 3782 1472 3875 ΠΙ,
1500 3779 1541 3854 d.
1588 3775 1798 3890 Simplicius
1825 3780 1881 3852 ad.
1910 3780 1948 3851 h.

427 4065 431 4075 '
571 4065 608 4148 l)
628 4065 770 4134 Philolai.
784 4069 990 4173 arpasiocum
1009 4079 1171 4158 nuncupat
1186 4069 1368 4173 Aristoteles
1384 4069 1480 4178 (Mea
1493 4069 1520 4152 Ι,
1535 4070 1565 4138 5.
1579 4069 1655 4152 846,
1669 4072 1700 4139 8.
1719 4073 1794 4154 847,
1810 4071 1905 4154 221,
1920 4074 1952 4142 7.

615 4153 714 4230 eol,
732 4153 784 4219 35.
806 4155 849 4220 de
871 4156 984 4258 M?'¹b:
999 4156 1050 4236 11,
1071 4154 1121 4306 53
1155 4157 1330 4258 nominibus
1360 4181 1400 4258 cp
1426 4157 1690 4258 πεπερασμένον
1716 4167 1750 4225 et
1772 4155 1811 4226 cd
1837 4159 1952 4246 πέρας,

635 4238 849 4323 reputandum
868 4262 951 4309 carm
975 4240 1007 4307 td
1030 4263 1093 4329 quo
1138 4261 1190 4305 res
1211 4250 1359 4307 terminat
1379 4261 1484 4327 tpsum
1504 4253 1707 4311 terminatum
1728 4265 1801 4311 esse
1823 4243 1951 4311 debere.

570 4339 610 4422 2)
631 4339 777 4409 Breviter
799 4340 859 4442 sed
878 4341 1069 4442 peqrulchre
1089 4346 1121 4412 in
1143 4343 1228 4412 hunc
1250 4345 1346 4411 finem
1367 4344 1543 4448 respondet
1559 4345 1760 4421 Aristoteles:
1786 4347 1953 4418 ἐοίκασι

633 4423 918 4534 (βχιῐιαὸνονιρι)
949 4431 1046 4514 περὶ
1080 4427 1212 4529 dilen
1241 4423 1434 4516 aripenno
1470 4433 1707 4520 terserunt
1736 4424 1951 4522 σωμάτων,

637 4510 712 4578 ott
743 4535 789 4579 cv
811 4537 889 4581 των
912 4518 1151 4598 nicharon,
1179 4511 1319 4603 Memph.
1341 4513 1423 4599 ΧΠ,
1443 4511 1475 4584 ³.
