4428 5306
830 553 1092 632 ...49-

250 773 334 823 vero
358 741 465 848 quarn
488 747 636 818 mamma
661 741 891 843 reputandum
916 753 991 836 est,
1026 737 1267 842 Pythapdram
1285 752 1393 816 totam
1417 769 1516 818 suam
1545 691 1671 820 doeffiz

247 877 330 923 nam
361 873 541 947 nunquam
573 846 618 918 ad
648 857 756 918 artem
784 867 989 936 revocasse,
1031 869 1104 916 nou
1134 847 1226 916 enirn
1258 843 1332 918 sola
1366 849 1562 944 systematis
1589 849 1672 921 con-

248 951 354 1026 dendi
396 949 590 1050 cupiditate·
623 949 787 1020 incensus
825 945 1084 1044 philosophiam
1118 945 1318 1038 mutabat,
1371 947 1432 1019 sed
1472 954 1525 1020 ad
1560 955 1673 1024 vitam

248 1057 436 1149 agendum
469 1047 656 1123 adhibebat
678 1075 720 1122 ea
747 1049 899 1141 ratione,
940 1045 1040 1146 eujus
1069 1045 1168 1120 uullo
1197 1059 1352 1144 tempore
1382 1073 1448 1121 nec
1484 1057 1585 1136 antea
1608 1077 1673 1124 uec
1813 1033 1831 1120 .’

249 1166 328 1253 post
352 1156 389 1225 in
421 1151 565 1226 δίεισι-ιιι
598 1147 837 1250 philosophias
866 1146 978 1222 simile
1007 1148 1203 1245 exemplum
1228 1150 1379 1246 reperias
1406 1147 1456 1248 ¹).
1519 1152 1671 1242 Posteri,

248 1257 311 1351 qui
340 1253 583 1354 Pythagoreos
616 1277 655 1324 se
692 1250 961 1349 profitebantur,
1009 1250 1104 1347 quod
1138 1275 1202 1322 sua
1242 1261 1363 1346 sponte
1398 1262 1582 1348 apparet,
1609 1252 1676 1325 hac

248 1355 362 1430 forma
385 1358 585 1448 immutata,
627 1355 664 1424 in
688 1351 830 1425 modum
855 1351 1056 1450 discipliuae
1081 1349 1241 1450 dogmata
1259 1349 1496 1448 Pythagorica
1520 1353 1677 1452 redigere
1705 1431 1708 1436 ,

238 1455 447 1558 studebant.
500 1456 589 1528 lude
613 1455 745 1526 lactum
769 1465 841 1547 est,
877 1465 937 1546 ut,
974 1479 1083 1551 quum
1104 1454 1255 1550 genuina
1276 1450 1500 1551 Pythagorae
1524 1453 1678 1550 philoso-

249 1555 333 1655 phia
365 1568 439 1632 arte
472 1556 657 1630 conclusae
689 1557 903 1655 perceptioni
939 1556 1100 1647 cesserit,
1140 1552 1194 1624 ud
1229 1563 1384 1651 posteros
1418 1577 1485 1626 nos
1520 1555 1678 1628 conferre
1712 1576 1717 1584 ·

252 1661 365 1731 coacti
389 1661 510 1732 simus.
564 1655 770 1747 Philolaus,
804 1659 856 1728 uti
881 1655 1051 1748 diximus,
1093 1655 1229 1752 primus
1253 1653 1340 1746 fuit,
1380 1657 1441 1752 qui
1467 1681 1677 1754 quamquam

250 1783 321 1832 non
345 1784 450 1831 verus
469 1757 694 1858 Pythagorae
719 1757 910 1855 discipdus
940 1753 1000 1857 (dc
1025 1767 1216 1854 tempore,
1242 1779 1312 1853 quo
1337 1757 1444 1848 vixit,
1492 1753 1574 1828 alihi
1607 1755 1676 1828 dis·

250 1857 444 1959 seremus),
477 1859 716 1958 Pythagorico
741 1869 856 1932 tamen
881 1860 958 1931 viro
980 1859 1147 1956 magistro
1171 1883 1279 1948 usus,
1316 1855 1539 1956 Pythagorae
1564 1857 1677 1955 philo·
1806 1911 1810 1928 .
1896 1889 1901 1898 ’

251 1959 411 2058 sophiam
436 1961 620 2056 separatim
646 1970 809 2032 tractaret
833 1970 868 2032 et
888 1957 1080 2050 excoleret,
1114 1968 1150 2030 et
1170 1957 1344 2030 excultam
1369 1957 1460 2030 hanc
1485 1959 1679 2032 dooffinam

249 2061 280 2130 s'
409 2062 417 2079 '
456 2085 559 2157 opere
594 2059 706 2132 trihus
733 2059 831 2131 lihris
864 2059 1022 2132 absoluto
1048 2057 1248 2157 explicaret.
1302 2058 1377 2132 Sed
1401 2084 1511 2158 quum
1533 2058 1678 2132 adversa

248 2158 389 2231 furtum
411 2159 513 2232 etiam
538 2159 607 2233 hoc
629 2185 718 2257 opus
736 2163 926 2258 posteritati
941 2161 1125 2258 eripuerit,
1158 2157 1439 2258 desperaremus,
1467 2160 1543 2234 lieri
1560 2181 1676 2260 posse,

249 2271 289 2334 ut
313 2275 468 2358 uuquam
498 2261 542 2333 de
566 2260 763 2334 Philolaiea
798 2261 956 2335 doctrina
990 2259 1181 2358 quidquam
1216 2273 1431 2358 compertum
1457 2261 1676 2353 haberemus,

249 2361 317 2432 uisi
349 2359 492 2460 disjecta
521 2359 676 2435 membra
707 2365 744 2434 iu
767 2374 923 2434 veterum
952 2360 1051 2434 libris
1087 2385 1208 2456 sparsa
1242 2360 1408 2450 laterent,
1451 2361 1580 2457 quihus
1604 2364 1679 2432 ‘rito

251 2461 499 2558 componendis
525 2473 618 2535 certe
643 2461 927 2629 definitissime
954 2459 1130 2556 docuinae
1154 2457 1317 2554 partibus
1327 2458 1465 2531 edoceri
1478 2485 1675 2557 possumus.

250 2559 388 2633 Nostris
412 2561 551 2632 demum
576 2571 692 2656 tempo
747 2562 790 2630 u's
814 2568 1026 2632 reservatum
1044 2568 1138 2650 erat,
1166 2556 1319 2631 Philolai
1344 2558 1537 2658 hagmeuta
1559 2585 1603 2632 ex
1627 2570 1678 2630 te·

248 2657 366 2731 nehris
391 2663 428 2730 in
450 2660 565 2732 lucem
590 2645 812 2758 protrahere,
855 2670 889 2734 et
911 2659 956 2732 ah
978 2657 1045 2731 hac
1069 2667 1167 2756 parte
1190 2658 1428 2731 immortaliter
1460 2661 1603 2733 meritus
1628 2671 1680 2732 est
1758 2684 1762 2695 ·
1827 2649 1832 2665 ⁴

158 2803 165 2810 -
250 2757 294 2832 de
320 2769 392 2833 tota
414 2759 652 2860 Pythagorica
677 2759 895 2860 philosophia
917 2757 1177 2832 Boeehhius
1196 2746 1258 2833 V.
1282 2758 1351 2850 G.,
1390 2761 1451 2856 qui
1475 2759 1570 2834 huuc
1597 2763 1679 2859 ope-⁴

250 2883 369 2932 rmum
394 2859 548 2988 lahorem
579 2863 734 2960 suscepit
753 2859 804 2960 ²).
858 2860 979 2934 Perita
1003 2885 1110 2933 manu
1135 2857 1246 2931 ahluit
1262 2858 1428 2958 plurimas
1449 2860 1681 2978 foedissimas,

358 3090 546 3179 principem,
575 3113 639 3158 aon
661 3091 848 3180 sapientem,
871 3061 1126 3195 aed'sapientiae
1146 3089 1322 3158 studiosum
1344 3091 1464 3241 [ἰιὶωυι
1486 3114 1522 3158 ae
1539 3090 1678 3179 appella-

359 3175 456 3254 verit,
497 3176 660 3243 Heraclid.
688 3178 721 3242 in
749 3175 829 3241 libro
860 3177 936 3261 περὶ
967 3199 1081 3244 uuvou
1112 3196 1130 3238 a
1154 3173 1198 3240 ud
1218 3175 1317 3262 Diog.
1405 3175 1515 3256 1‚1a.
1545 3176 1586 3242 cf.
1608 3175 1678 3242 Gir.

359 3258 460 3324 Tuae.
492 3259 555 3333 Qu.
578 3262 624 3341 V,
654 3260 685 3326 3.
728 3257 895 3326 Jamblich.
935 3256 968 3348 S.
986 3259 1030 3324 58
1065 3267 1100 3325 et
1125 3197 1177 3324 du.
1234 3259 1486 3348 Peripateticum
1520 3259 1680 3348 excerpsit

360 3343 542 3411 Sosierates
562 3345 594 3410 iu
619 3345 856 3412 Suecesdonib,
883 3366 933 3431 ap.
953 3343 1053 3430 Diog.
1074 3342 1114 3407 L.
1130 3343 1228 3424 VIII,
1248 3345 1279 3410 ἃ
1324 3345 1434 3412 Sacuti
1457 3357 1539 3412 sunt.
1550 3345 1678 3422 Quintil.

358 3427 459 3494 instit.
481 3429 539 3494 Or.
558 3429 641 3508 XII,
665 3429 702 3510 1,
723 3431 773 3496 19.
803 3427 972 3516 Augustis.
994 3427 1037 3494 de
1056 3425 1147 3494 civit.
1168 3427 1210 3494 D.
1230 3429 1317 3496 VIII.
1339 3432 1414 3496 αἳ.
1439 3429 1558 3496 XVIII.
1583 3453 1610 3496 e
1626 3429 1677 3496 37.
1798 3458 1800 3467 ·

308 3515 313 3522 '
356 3510 400 3576 de
423 3511 537 3594 Trinit.
558 3513 645 3581 XIV.
667 3515 742 3580 αἱ
786 3515 940 3582 Ceterum
959 3513 1128 3614 Socratem
1149 3533 1212 3578 nou
1235 3513 1370 3600 primum
1392 3513 1505 3593 fuisse,
1535 3515 1588 3614 qui
1610 3513 1678 3613 phi-

193 3657 200 3666 .
288 3705 292 3710 ,
358 3595 525 3716 Iosophum
553 3620 589 3665 se
617 3599 812 3700 pumicaret,
849 3596 937 3748 puod
965 3593 1161 3695 Metnersrus·
1190 3598 1340 3698 putabat,
1375 3610 1572 3746 appumenus
1587 3609 1676 3700 'sous

358 3679 854 3854 parsrpyssreparffiut-,Viiyltpenbac
877 3732 903 3765 .,
939 3705 1035 3770 quem
1056 3680 1098 3746 de
1131 3677 1179 3746 h1s
1201 3679 1274 3747 ude
1300 3703 1332 3746 ιιι
1362 3679 1510 3748 Brbroth.
1540 3681 1619 3748 Crat.
1634 3675 1689 3760 II.¹

297 3873 337 3960 1)
359 3875 533 3944 Verissime
554 3875 632 3977 dicit
653 3843 984 3977 Schleiermachepus:
1012 3873 1165 3973 Demade
1186 3873 1416 3972 (Pythagorae
1438 3872 1573 3975 aetate)
1596 3876 1679 3942 aher

324 3997 330 4006 =
359 3983 436 4056 wer
456 3962 547 4058 euch
559 3963 617 4028 dre
631 3961 855 4060 Philosophus
871 3973 942 4059 met¹
983 3959 1164 4026 olrtesehen
1178 3956 1371 4056 Ahsrelztcn
1388 3963 1463 4027 und
1479 3963 1537 4026 dee
1554 3961 1679 4058 Sedula

358 4043 919 4198 ttt.ttt‘.tttltttl‘t.dtlt
959 4065 1083 4195 titt
1094 4039 1679 4214 .t“ditttttt.t⁶'lt.tt.tdt

362 4207 395 4276 in
416 4209 591 4282 Introduct
612 4211 656 4282 ad
675 4215 758 4284 Ptat
780 4216 879 4302 Oper.
907 4151 1003 4282 tim.
1014 4211 1041 4280 1.
1066 4237 1097 4302 p.
1116 4211 1166 4278 19.
1189 4209 1240 4278 ed.
1263 4234 1328 4304 sec.
1405 4151 1434 4218 g
1494 4225 1495 4230 ’
1671 4177 1680 4208 ’

296 4322 337 4409 2)
360 4320 548 4387 Philolaus
564 4325 624 4390 des
646 4326 767 4410 Pytha
794 4347 908 4390 oreers
925 4325 1063 4392 Lehren
1085 4321 1183 4390 uehat
1203 4325 1270 4390 den
1283 4299 1544 4392 Bruehatiiclcn
1567 4327 1680 4392 seinse

219 4479 225 4482 ,
365 4402 529 4481 Walter,
551 4431 615 4472 von
636 4410 733 4498 Aug.
782 4409 892 4476 ocella.
911 4403 1056 4491 Berlin,
1075 4409 1167 4476 1819.
1210 4409 1263 4476 Ex
1284 4407 1426 4476 secundo
1448 4409 1544 4491 libro,
1566 4411 1599 4476 iu
1616 4432 1679 4498 quo

361 4513 401 4557 ex
423 4492 644 4580 probatissima
665 4495 820 4562 Bueohhii
847 4493 1055 4584 dispositione
1079 4493 1122 4560 de
1135 4516 1348 4562 numerorum
1369 4507 1481 4563 natura
1504 4517 1679 4583 eorumque

231 4625 251 4642 ..
363 4575 394 4643 iu
410 4576 529 4645 mundo
546 4577 741 4649 efficacitate
752 4590 786 4650 et
800 4580 914 4650 virtute
928 4579 1087 4682 copiosius
1098 4578 1316 4670 disputaverat
1325 4580 1498 4663 Philolaus,
1518 4579 1679 4670 descripta

1201 4691 1227 4766 ’1
