4428 5306
1084 537 1345 636 458..

500 767 645 844 promus
669 742 821 841 respuit,
838 744 1083 854 santichtirona
1112 759 1198 846 puto
1226 759 1262 822 et
1286 743 1447 840 ,abulen
1471 741 1567 822 illam
1593 736 1832 848 notissimam,
1864 775 1934 856 qna
2031 745 2034 757 ’

498 846 619 922 decem
645 839 892 945 ἀντικείμενα
917 850 1013 920 consi
1083 859 1120 922 ta
1145 849 1241 922 snat.
1291 855 1295 860 “

612 946 755 1038 Musis,
792 972 883 1046 qnae
907 947 1014 1022 Philo
1049 975 1092 1022 ns
1121 949 1165 1024 dc
1189 951 1284 1048 paris
1314 951 1527 1049 imparisque
1556 972 1601 1023 ac
1626 954 1834 1051 parimparis
1865 981 1932 1029 nu·

498 1050 587 1124 meri
610 1059 734 1121 natura
763 1073 1047 1148 gnomonumque
1070 1050 1108 1122 iu
1132 1052 1265 1124 mundo
1292 1051 1495 1124 ellimcitate
1523 1049 1688 1126 disseruit
1716 1057 1754 1126 in
1778 1055 1934 1130 secunda

500 1148 582 1224 libri
604 1159 722 1248 parte,
749 1149 923 1248 reliquum
945 1163 1017 1243 eat,
1044 1149 1188 1224 alterum
1211 1152 1320 1249 priori
1339 1150 1559 1252 conjunctam
1583 1151 1799 1248 doctrinam,
1827 1143 1934 1254 (Ῑιιαίιι

500 1251 649 1349 mystico
664 1289 679 1307 -
692 1249 954 1325 mathematicae
986 1249 1181 1354 theologiae
1214 1255 1358 1328 nomine
1391 1253 1556 1327 denotare
1587 1254 1723 1348 solem,
1769 1257 1934 1354 explane-

501 1376 593 1426 mus.
653 1351 864 1449 Expositum
893 1363 947 1426 cst
973 1377 1101 1451 snpra,
1141 1352 1399 1455 Pythagoricos
1423 1355 1461 1427 in
1488 1356 1644 1427 numeris
1670 1355 1786 1428 cnrnia
1815 1381 1952 1430 rernm

501 1475 629 1529 areana
648 1452 829 1526 recondita
849 1465 955 1553 atque
974 1453 1112 1528 neolone
1131 1467 1284 1553 putasse.
1337 1453 1460 1548 Quum
1485 1479 1571 1532 vero
1586 1453 1708 1529 danici
1735 1455 1938 1554 philosophi

502 1551 609 1648 deos,
657 1579 746 1651 qnos
778 1553 1010 1628 humanarum
1041 1581 1160 1629 rerum
1193 1555 1427 1655 moderatores
1461 1555 1573 1630 credit
1606 1557 1735 1655 vulgus
1769 1567 1805 1630 et
1836 1557 1934 1650 colit,

501 1681 574 1732 nou
602 1653 820 1751 despicerent
843 1667 878 1730 et
902 1655 1149 1758 profligarent,
1185 1655 1249 1730 sed
1275 1669 1411 1756 partem
1435 1659 1480 1730 iis
1506 1657 1736 1730 concederent
1760 1659 1797 1729 in
1826 1668 1937 1755 syste-

430 1757 432 1769 ’
501 1767 615 1850 mate,
652 1755 915 1856 Pythagoras,
934 1759 996 1853 qui
1027 1760 1227 1855 ceteroquin
1259 1783 1395 1830 summa
1426 1781 1514 1857 erga
1536 1757 1623 1831 deos
1654 1759 1779 1856 pietate
1806 1757 1938 1830 sancti·

503 1858 689 1954 moniaqne
718 1857 904 1929 instillatus
932 1857 1020 1950 fnit,
1053 1860 1101 1943 ita
1127 1856 1223 1930 bunc
1248 1881 1382 1932 morem
1409 1859 1563 1955 suscepit
1587 1868 1623 1932 ct
1647 1858 1862 1949 observavit,
1899 1867 1940 1930 ut

503 1959 659 2031 numeris
697 1981 742 2032 ex
778 1959 890 2056 iisqne
927 1959 1136 2032 constructis
1171 1957 1295 2056 liguria
1327 1956 1580 2032 mathematicis
1618 1970 1731 2034 certos
1768 1956 1940 2055 quosdam
2021 1957 2024 1964 '

506 2057 589 2132 dece
624 2057 776 2154 deasque
810 2057 982 2132 tribuerit.
1051 2057 1111 2132 Οἳ.
1147 2058 1270 2132 Procl.
1304 2059 1343 2130 in
1378 2056 1554 2154 Theolog.
1590 2057 1686 2129 Plat.
1715 2057 1749 2127 Ι.
1792 2081 1872 2154 cap.
1894 2054 1937 2128 d.

505 2155 665 2258 Cognitis
690 2159 783 2230 enim
808 2160 949 2231 seeretis
975 2160 1013 2229 in
1035 2169 1160 2230 natura
1183 2155 1463 2254 praevalentibus
1485 2156 1630 2229 deorum
1648 2153 1783 2229 viribus
1806 2157 1943 2229 factum

377 2307 382 2320 =
472 2283 478 2292 “
505 2271 579 2352 est,
613 2269 653 2336 ut
677 2259 894 2358 cogitationis
915 2258 1022 2331 calor
1034 2256 1097 2330 has
1120 2257 1256 2330 abditas
1275 2260 1368 2330 vires
1388 2257 1522 2355 figurae
1543 2254 1726 2329 involucro
1746 2256 1941 2332 involveret

506 2372 544 2436 et
572 2371 874 2458 repraesentaret„
923 2359 968 2432 ln
996 2359 1133 2458 angulis
1165 2350 1357 2458 triang'nli,
1395 2355 1555 2458 quadrati
1586 2357 1700 2426 varias
1731 2357 1941 2429 invenerunt

507 2460 738 2562 Pythagorici
769 2462 914 2564 virtutes
939 2452 974 2534 ct
1005 2462 1122 2554 vires,
1159 2458 1373 2562 niangnlum
1400 2483 1433 2531 e.
1459 2484 1521 2557 g.,
1557 2465 1597 2529 ut
1627 2458 1814 2554 primeca
1837 2455 1941 2528 lineis

509 2573 692 2662 compacto
730 2561 867 2663 ligura,
917 2563 1031 2637 omnis
1068 2561 1300 2660 gmmationis
1331 2556 1468 2632 initium
1503 2567 1557 2630 est
1624 2554 1730 2659 α’ρχῆ
1761 2555 1946 2652 γενέσεως

507 2661 579 2748 atei
600 2670 668 2753 riis
694 2669 771 2744 τῶν
794 2669 986 2759 γεννητῶν
1011 2654 1244 2759 εἷδοποιΐαν)·
1296 2657 1421 2750 Quid?
1449 2657 1545 2755 quod
1566 2658 1602 2731 P
1628 2657 1752 2729 ‘olaus
1778 2657 1947 2756 hiangnli

509 2763 641 2864 angulo
658 2774 807 2861 quatuor
832 2761 937 2836 dens:
966 2763 1178 2854 Saturnum,
1205 2759 1415 2852 Plutonem,
1439 2757 1591 2833 Martem
1616 2769 1652 2831 et
1675 2757 1858 2831 fficchum
1883 2757 1946 2830 de-

466 2873 477 2888 ‘
510 2863 661 2956 dicavit,
706 2862 940 2961 complectens
968 2861 1073 2932 simul
1103 2884 1241 2932 omnem
1273 2857 1560 2956 quadripartitam
1586 2858 1834 2932 elementorum
1864 2849 1948 2936 decc.

509 3171 598 3262 tiae,
633 3090 1087 3242 disardmlhr’ridaeshcaturac
1117 3109 1273 3261 pradest,
1319 3157 1428 3242 Pluto
1459 3181 1543 3232 vero
1574 3079 1737 3232 enaddan
1770 3151 1945 3230 terrenam

510 3271 617 3342 vitam
638 3270 811 3360 continet,
845 3265 1012 3338 Bacchus
1038 3265 1189 3362 deniqtrc
1212 3260 1392 3335 humidam
1421 3269 1456 3334 ct
1480 3255 1628 3334 calidum
1650 3269 1815 3357 procurat
1834 3281 1943 3355 gene·
2024 3269 2031 3280 ⁴

511 3371 693 3446 rationem.
764 3365 822 3440 Ile
861 3367 984 3440 ceteris
1019 3363 1098 3436 vide
1131 3363 1266 3435 Philcl.
1301 3387 1359 3459 ap.
1395 3359 1517 3434 Procl.
1546 3359 1592 3433 ad
1622 3358 1730 3432 Eucl.
1764 3357 1881 3430 Elem.
1905 3355 1939 3428 1.

570 3467 647 3558 ΑΒ.
691 3495 750 3569 ap.
786 3455 944 3542 Bocchh.
982 3492 1020 3565 p.
1041 3459 1267 3536 tho-57.
1339 3461 1422 3534 Non
1460 3457 1690 3534 dubitandum
1731 3467 1805 3550 eat,
1855 3458 1944 3554 quin

509 3497 733 3675 Pythagoras
756 3596 829 3644 non
852 3569 968 3643 solum
988 3569 1030 3660 jn
1054 3564 1197 3664 liguris,
1231 3560 1295 3636 sed
1318 3561 1422 3634 etiam
1443 3563 1481 3634 in
1502 3561 1655 3634 numeris
1678 3557 1824 3632 eundern
1846 3583 1943 3656 sym·

401 3725 404 3736 ‚
510 3672 662 3748 bolicam
694 3670 843 3747 docendi
873 3672 1042 3744 munnam
1073 3663 1291 3756 adhibuerit,
1340 3664 1572 3736 meenticrnm
1611 3662 1703 3732 enim
1733 3660 1944 3756 scriptorum

511 3773 725 3873 fragmenta,
758 3772 933 3846 Moderati
962 3770 1142 3866 inprimis,
1181 3762 1354 3865 ejusmodi
1377 3761 1588 3862 imaginibus
1613 3771 1791 3858 mntcpere
1815 3758 1945 3830 reiecta

511 3886 614 3968 sunt,
654 3885 695 3948 nt
742 3875 831 3948 rima
863 3883 955 3962 certe
975 3867 1214 3964 ,fundamenta
1250 3863 1502 3965 aPythngcra
1525 3861 1657 3960 jactata
1690 3884 1765 3932 csse
1799 3880 1944 3956 persua·

510 3978 687 4050 tissimum
765 3973 866 4048 heum
897 3970 947 4075 ¹).
1024 3969 1170 4046 Constat
1192 3969 1404 4067 [priscorum
1436 3961 1739 4064 Pythagoreorum
1777 3961 1945 4059 mystico·

407 4133 411 4140 -
510 4077 787 4152 mathematicam
812 4072 1023 4172 theologiam
1047 4074 1085 4143 in
1109 4070 1340 4166 ineptissimas
1365 4091 1478 4166 nugas
1494 4064 1719 4161 degenerasse
1738 4059 1799 4134 illa
1815 4069 1941 4153 aetate,

509 4201 581 4278 qua
604 4178 829 4278 Pythagorae
845 4174 923 4274 jum
947 4174 1126 4256 immutata
1151 4169 1310 4244 decana
1334 4193 1415 4240 cum
1432 4164 1695 4238 Platonicorum
1720 4159 1973 4262 philosophia³

509 4281 546 4352 in
571 4304 680 4352 unum
705 4277 853 4354 conllata
878 4286 953 4371 est,
990 4273 1170 4350 obliterata
1193 4270 1286 4346 enim
1312 4278 1386 4344 crat
1410 4291 1493 4341 vera
1512 4264 1712 4366 dogmatum
1729 4259 1943 4364 Pythagori-

553 4507 593 4598 1)
607 4507 758 4663 'Cepione
781 4508 899 4580 dc'his'
914 4509 983 4598 egit
1006 4449 1167 4580 Mchrsinr
1187 4506 1220 4574 in
1239 4456 1384 4606 becario
1403 4499 1643 4597 Pythagorico,
1664 4499 1766 4584 oper.
1779 4485 1941 4559 '1¹01an¹

616 4617 648 4686 p.
700 4597 807 4664 -ta
