4428 5306
881 533 1143 606 -I'-

292 751 372 802 mus
401 722 451 827 ¹).
509 723 633 822 ltaque
656 747 800 823 prorsus
824 719 979 798 destituti
997 745 1125 796 sumus
1145 718 1350 798 certioribus
1372 717 1509 793 inthciie
1531 717 1637 820 hujus
1653 721 1714 820 pe-
1797 807 1800 816 Δ

122 833 129 838 ’
293 827 556 944 matous,
579 849 677 930 ,quae
702 813 855 923 eousque
879 823 1184 920 desiderabantur,
1225 823 1336 896 donec
1361 832 1496 932 tempus
1522 809 1712 916 adveherit,

294 951 367 1049 qpo
381 951 519 1100 ppayore
542 925 714 1101 eumpde
738 924 930 1100 vdelmrplpius
954 918 1380 1097 Aegyptiacisddisserere
1404 923 1639 1094 poterimus,Ml
1657 922 1716 996 lie

294 1029 908 1300 ddmdffibilmpffivmffffi
925 1036 1595 1228 {tuffisspnprpmfflpsgdhfpp
1617 1047 1714 1197 liceetx.

245 1217 257 1241 '
294 1227 600 1302 Perscrutantibus
624 1227 727 1302 nobis
752 1229 820 1300 sim
857 1253 926 1326 que
950 1227 1205 1314 conserentibus
1220 1225 1442 1326 Pythagorae
1459 1224 1620 1324 dogrnma
1636 1247 1717 1296 cunr

294 1330 503 1406 donicatum
534 1327 819 1428 philosophorum
843 1329 1002 1426 placitis,
1043 1338 1170 1428 sponte
1189 1330 1227 1400 iu
1260 1325 1382 1399 oculos
1415 1327 1563 1398 incurrit
1594 1323 1715 1397 simili·
1792 1335 1798 1344 '

295 1429 380 1504 tudo
405 1429 575 1529 quaedam
597 1432 635 1503 in
659 1428 797 1504 duohm
817 1428 886 1502 illis
910 1431 1109 1528 principiis,
1141 1453 1184 1500 ex
1208 1426 1416 1526 quihusres
1441 1425 1582 1499 ior-mari
1599 1427 1718 1500 statuit
1846 1491 1862 1510 ,

296 1529 533 1632 Pythagoras.
595 1529 702 1622 Quod
728 1529 800 1629 jam
828 1525 1090 1604 Anaximander
1119 1529 1258 1621 docuit,
1295 1542 1412 1600 rerum
1440 1529 1617 1613 manniam
1643 1551 1719 1600 esse

295 1631 468 1704 inlinitum
491 1625 677 1735 (ἄπειρον)
708 1629 891 1730 omnisque
916 1634 1061 1732 'cingens
1092 1627 1285 1735 (περιέχον
1310 1677 1323 1720 ,
1353 1628 1391 1700 id
1416 1625 1483 1699 alia
1508 1649 1719 1728 quamqrram
1781 1709 1799 1716 ῃ

178 1793 182 1804 .
296 1734 432 1806 ratione
464 1731 643 1804 definitum
675 1733 713 1804 iu
750 1757 851 1804 suum
890 1743 1039 1832 systema
1076 1729 1251 1805 transtulit
1405 1753 1532 1828 goras,
1581 1726 1715 1819 fficens,
1878 1777 1883 1782 -

296 1858 412 1906 rerum
437 1833 647 1929 principium
671 1855 749 1906 esse
780 1827 937 2004 ci'rterpolp⁸
957 1843 992 1905 et
1009 1831 1168 1929 ⁸qtu'dem¹
1185 1825 1339 1940 ἅιιειριν
1371 1835 1524 1928 πνεῦμα
1546 1828 1718 1947 mundum

232 1997 236 2002 .
297 1931 531 2006 circumdans.
572 1927 724 2006 Aristot.
747 1932 860 2031 Phys.
936 1929 1012 2024 ,1.
1040 1929 1106 2033 (cf.
1127 1933 1293 2005 Brundis.
1309 1931 1353 2003 de
1367 1955 1543 2004 numeror.
1560 1928 1718 2003 decuma
1824 1961 1828 1968 ·

295 2031 452 2132 Pythag-
485 2042 520 2104 et
551 2031 726 2106 Platonis.
763 2034 801 2104 in
831 2031 962 2106 Museo
993 2031 1112 2105 Rhen.
1147 2029 1269 2106 1828.
1304 2031 1391 2106 iaec.
1414 2029 1455 2104 2.
1492 2051 1575 2132 pag.
1602 2026 1718 2130 219.)

246 2145 268 2205 .’
294 2129 473 2206 Nonnulla
497 2131 566 2204 'alia
591 2134 717 2206 similia
739 2133 877 2219 decreta
901 2134 1144 2228 inveniuntur,
1182 2134 1226 2208 dc
1254 2133 1382 2232 quibus
1406 2159 1471 2207 suo
1492 2131 1572 2206 loeo
1596 2131 1717 2229 dispu-

293 2232 436 2309 tabitur.
489 2231 700 2306 incredibile
723 2243 799 2325 est,
828 2233 1088 2334 Pythagoram,
1123 2226 1231 2333 quoin
1253 2235 1299 2307 ud
1322 2231 1575 2332 philosophiam
1598 2257 1715 2305 acces·
1831 2229 1835 2246 ’

244 2355 246 2362 ’
270 2395 273 2402 .
295 2336 416 2425 sisset,
449 2334 585 2408 donum
604 2333 765 2434 dogmata
784 2334 979 2432 neglexisse
999 2345 1059 2407 aut
1077 2361 1220 2432 prorem
1241 2335 1460 2430 repudiasse,
1492 2336 1563 2406 imo
1583 2331 1718 2405 fervido
1765 2407 1769 2418 ,

294 2433 518 2532 discendique
549 2435 735 2533 eupiditate
773 2433 935 2530 flagranti
971 2435 1113 2530 ingenio
1153 2435 1511 2507 convenientissimum
1544 2443 1639 2524 crat,
1677 2456 1718 2507 ea

296 2536 474 2632 suscipere
507 2536 619 2631 iisque
653 2557 718 2604 sua
748 2542 996 2628 superstruere.
1060 2532 1158 2606 Hinc
1191 2534 1338 2612 fortasse
1370 2531 1614 2632 explicandum
1647 2541 1715 2623 est,
1735 2593 1754 2626 ,

295 2633 392 2730 qmd
412 2645 586 2723 mustra,
605 2629 907 2705 Anmmandrum
922 2630 1145 2730 Pythagorae
1164 2659 1200 2706 m
1245 2635 1370 2706 'strum
1389 2633 1508 2707 fluisse.
1542 2632 1589 2705 ci.
1603 2628 1719 2732 Apol-
1739 2646 1741 2655 ’

294 2733 429 2804 lonium
454 2757 511 2830 ap.
538 2731 718 2832 Porphyr.
752 2729 790 2832 ἓ
808 2726 850 2804 2.
880 2743 917 2804 et
938 2731 1133 2807 damblich.
1168 2731 1206 2834 5
1252 2729 1289 2806 1.
1319 2759 1386 2808 uec
1410 2760 1481 2808 nou
1506 2730 1653 2832 Apulej.
1679 2735 1718 2805 in
1863 2783 1878 2792 -

295 2831 430 2906 Plbrid.
470 2859 508 2929 p.
534 2827 628 2905 150.
661 2832 719 2904 ed.
750 2833 834 2930 Bip.
907 2832 1008 2918 Idem
1048 2829 1263 2932 Apollonius
1304 2835 1432 2934 uadit,
1478 2833 1596 2936 Pytho
1621 2859 1719 2908 οιιιιιι

296 2927 417 3024 editus
442 2927 558 3013 ἕνεκα
582 2931 612 3006 S
637 2927 745 3015 utam
767 2943 803 3006 ct
823 2930 963 3006 Cretam
983 2935 1163 3030 visitasse,
1198 2961 1255 3036 ap.
1278 2861 1716 3009 tenutissimum

297 3033 398 3124 XX,
420 3030 461 3105 ll.
481 3058 576 3105 cum
608 2959 749 3106 &tam
780 3045 815 3106 ct
845 3033 1128 3126 Luceehemona,
1168 3036 1214 3109 ad
1247 3035 1504 3135 cognoscendas
1527 3035 1659 3111 dliuois
1685 3045 1720 3107 et

296 3133 456 3232 Lycurgi
466 3133 621 3232 inclytas
641 3157 681 3205 ea
699 3143 899 3230 tempestate
917 3135 1011 3234 leges
1031 3135 1264 3210 contendisse.
1293 3137 1341 3207 ci'.
1356 3135 1477 3211 Pelen.
1493 3135 1593 3210 Max.
1605 3135 1715 3209 VIII.

298 3259 331 3306 c.
353 3231 392 3304 7.
426 3243 498 3305 ext.
516 3229 556 3302 2.
610 3230 718 3324 Quod
742 3227 842 3306 multi
869 3234 1050 3306 infandum
1075 3233 1161 3332 quid
1190 3236 1428 3329 elamitarrmt,
1465 3239 1636 3310 immerito
1663 3238 1717 3306 in·

297 3333 490 3432 fringentes
518 3343 699 3418 eumarum
723 3333 839 3406 fidem.
892 3333 986 3406 Nam
1009 3337 1048 3406 iu
1071 3325 1176 3409 rebus
1200 3336 1316 3427 dubiis
1344 3361 1481 3435 semper
1507 3333 1719 3412 consulendi
1866 3323 1869 3328 ¹
1902 3321 1904 3329 '
1998 3283 2010 3300 i

298 3444 380 3506 suat
402 3431 626 3532 Pythagorae
656 3435 825 3506 instituta.
889 3433 948 3512 Ex
977 3434 1022 3506 iis
1048 3459 1139 3534 quae
1162 3448 1282 3535 postca
1306 3437 1351 3510 de
1372 3439 1585 3513 institutione
1608 3438 1718 3510 socie·

297 3536 376 3606 tatis
395 3545 603 3634 sequentur,
633 3533 831 3631 apparebit,
858 3531 1097 3634 Pythagoram
1118 3562 1190 3610 uon
1208 3533 1464 3638 Aegyptiorum
1484 3539 1546 3610 sed
1567 3539 1723 3635 liorieu·¹
1793 3567 1796 3572 ·

412 3636 503 3724 vita,
532 3632 711 3726 moribus,
736 3634 903 3734 religione
925 3645 960 3708 et
981 3634 1122 3733 publica
1141 3635 1322 3736 disciplina
1345 3648 1523 3736 tantopere
1546 3635 1717 3709 imbutum

298 3732 425 3825 fuisse,
459 3744 499 3805 ut
513 3733 597 3832 jure
615 3736 804 3830 meritoque
823 3759 943 3838 eorum
962 3746 1089 3808 terram
1108 3737 1272 3811 lushassc
1293 3739 1478 3812 concedas.
1531 3737 1719 3813 Sufficiant
1780 3801 1784 3806 .

297 3831 384 3906 haee
415 3858 529 3930 panace
561 3834 605 3908 de
634 3833 816 3932 discipdina
842 3833 1077 3936 Pythagorae.
1140 3837 1242 3931 Quae
1261 3841 1399 3913 omissa
1430 3851 1512 3913 sunt
1545 3865 1608 3912 suo
1640 3839 1719 3910 loco

297 3933 549 4008 tractabuntur.
603 3935 663 4008 Ex
685 3933 866 4006 itineribus
890 3935 1020 4028 redux,
1047 3940 1161 4037 pergit
1181 3936 1416 4037 Apollonius,
1441 3943 1576 4038 aperuit
1594 3936 1718 4011 ludum

297 4029 485 4106 morsm
507 4035 626 4127 Sami,
652 4033 875 4136 Pythagorae
900 4034 1145 4136 hemicyclium
1170 4039 1321 4135 dictum,
1353 4066 1424 4140 quo
1449 4051 1567 4139 postea
1588 4037 1716 4132 Samii,

299 4132 330 4202 si
358 4129 401 4203 de
430 4133 534 4208 rebus
564 4134 716 4232 publicis
745 4135 936 4212 consulturi
964 4151 1105 4236 esseut,
1139 4140 1194 4216 usi
1220 4152 1313 4216 sunt.
1373 4142 1491 4234 Quam
1519 4139 1718 4215 utilissima·

342 4393 380 4480 t)
402 4395 439 4462 In
455 4395 524 4500 pita
545 4400 720 4500 priscorum
747 4401 1008 4508 philosophorum
1036 4407 1108 4510 hoc·
1127 4429 1255 4512 semper
1282 4407 1456 4479 tenedduur
1484 4419 1550 4488 est,
1581 4405 1720 4508 seripree

402 4492 574 4585 cooptarer
602 4482 635 4549 td
664 4497 999 4590 constanterjegtssm
1036 4505 1072 4559 ut
1098 4491 1166 4560 dios
1193 4517 1225 4560 ιιι
1253 4505 1355 4566 terras
1383 4505 1509 4561 exteras
1538 4491 1587 4584 vel
1614 4511 1720 4559 munus

405 4575 552 4674 cognitus
573 4565 615 4634 ad
634 4566 765 4637 uiueres
784 4571 964 4660 drsctphnas
987 4573 1200 4646 addiscendas
1215 4579 1329 4648 itinere
1347 4581 1463 4648 sedsse
1479 4571 1723 4652 couoenderent·
