4428 5306
1072 477 1330 668 3⁹⁰2·

490 725 609 800 Τ.Π.
641 750 678 824 p.
699 723 768 798 50.
795 723 864 798 64.
889 719 968 796 158
990 743 1111 823 seqq.'
1144 725 1203 796 Ex
1237 751 1307 824 qno
1343 737 1496 828 tempore
1532 729 1764 806 Locrensium
1793 737 1915 812 civitas
1961 749 1994 834 ιζ

488 829 631 904 Zaleuci
655 828 749 927 leges
772 837 959 923 receperat,
989 823 1194 898 laetissimus
1220 837 1294 898 erat
1315 854 1432 901 rernm
1452 841 1578 924 status,
1602 835 1664 930 qui
1693 861 1737 908 ne
1761 840 1915 912 novandi
1941 821 1948 836 ⁰

488 927 610 1026 studio
650 928 836 1025 aliqnando
871 926 1156 1019 conturbaretur,
1207 926 1333 1000 acerbo
1374 929 1418 1002 dc
1457 929 1581 1028 laqueo
1618 933 1695 1033 lege
1735 940 1913 1033 provisum

489 1043 592 1138 atque
619 1019 842 1127 praecautum
873 1039 947 1100 erat
981 1027 1113 1124 (Bentl.
1143 1053 1179 1124 p.
1205 1023 1457 1126 189.191.).’
1493 1031 1680 1123 Quocirca
1706 1035 1794 1110 nibil
1826 1041 1914 1132 inest
2065 1041 2069 1048 ’

490 1133 628 1202 inistis
658 1130 887 1203 Locrensium
909 1127 1046 1220 verbis,
1088 1127 1184 1226 quod
1214 1129 1453 1231 Pythagoram
1486 1134 1609 1230 prodat
1639 1161 1755 1208 rernm
1788 1141 1913 1212 immo.

489 1228 671 1302 landarum
694 1230 907 1320 studiosum,
941 1229 1120 1301 declarant
1143 1240 1275 1301 tantum
1301 1245 1472 1304 summata
1498 1235 1625 1306 civium
1649 1227 1776 1310 aarum
1797 1243 1912 1338 reipu-

455 1327 461 1338 ’
488 1331 601 1403 blicae
618 1331 716 1403 nullo
738 1341 811 1404 tum
830 1329 922 1402 malo
940 1329 1166 1430 laborantem,
1192 1329 1252 1402 scd
1270 1334 1409 1429 optimis
1429 1358 1566 1432 semper
1582 1333 1717 1434 legibus
1738 1341 1912 1437 rigentem
1956 1349 1971 1366 ²

490 1429 716 1505 conservandi
737 1456 857 1504 curam
879 1442 914 1503 et
936 1433 1035 1528 quasi
1054 1433 1260 1504 cantionem.
1315 1433 1386 1504 llis
1409 1438 1564 1507 remob's.
1577 1433 1787 1531 obstaculis,
1822 1467 1912 1539 quae

490 1532 595 1606 modo
628 1532 809 1606 obstacula
832 1529 1062 1623 ridebantur,
1102 1533 1140 1601 in
1167 1554 1338 1604 summam
1356 1559 1450 1607 nunc
1465 1536 1690 1636 colligamus,
1724 1563 1814 1636 quae
1852 1569 1912 1614 ex·

488 1633 622 1733 plorata
649 1659 723 1706 esse
744 1631 811 1706 hac
839 1643 955 1706 nostra
974 1631 1214 1729 disquisitione
1239 1632 1459 1706 arbitramur.
1512 1634 1574 1711 Αο
1599 1640 1747 1735 primum
1771 1641 1912 1736 quidem
2004 1658 2008 1664 ’

489 1738 518 1806 si
548 1732 750 1808 Aristoxeni
779 1735 1008 1805 narrationem
1037 1757 1095 1829 ap.
1121 1733 1300 1833 Porphyr.
1341 1736 1374 1830 ξ.
1399 1733 1468 1807 22.
1504 1763 1562 1835 ap.
1586 1735 1721 1811 Jambl.
1759 1743 1792 1836 §.
1814 1737 1909 1812 214.

489 1847 649 1910 accurate
672 1834 937 1932 perpendimus,
971 1859 1039 1930 qna
1065 1833 1287 1934 Pythagoras
1315 1847 1387 1907 tam
1416 1839 1596 1910 intestinas
1618 1864 1722 1936 quam
1754 1851 1912 1914 externas
2004 1861 2013 1894 ν

489 1935 679 2008 discordias
694 1933 889 2026 sustulisse,
908 1933 1062 2006 trrrbatas
1077 1934 1289 2032 respublicas
1305 1936 1495 2030 ordinasse,
1513 1937 1755 2043 παρανομίαν
1778 1963 1912 2038 repres-

488 2037 643 2156 sisseget
678 2045 858 2133 protervos
894 2045 1130 2132 tyrannosque
1162 2037 1375 2156 oppressisse
1415 2038 1564 2133 dicitur,
1598 2065 1704 2138 porro
1734 2043 1766 2114 si
1797 2047 1927 2114 mente,
2000 2101 2004 2108 ,

490 2148 676 2329 tall?
696 2134 1796 2339 {iidiiiliissall'illlillluiilffiiffll
1808 2153 1914 2316 ltt}

348 2355 356 2370 ⁸
445 2353 453 2366 '
490 2349 669 2436 acceptam
688 2363 709 2408 a
729 2335 918 2435 majoribus
938 2335 1149 2432 reipublicae
1173 2336 1319 2409 sormam
1339 2336 1549 2434 disturbari,
1591 2340 1739 2438 denique
1762 2344 1794 2414 si
1818 2345 1913 2441 cogi·

489 2452 604 2512 umus
625 2440 668 2511 de
693 2439 847 2512 animoa
870 2435 999 2535 populo
1021 2447 1198 2534 tantopere
1220 2437 1352 2530 alieno,
1378 2463 1421 2511 ex
1441 2465 1533 2537 quo,
1550 2441 1636 2539 quid
1656 2441 1714 2515 ille
1732 2443 1914 2516 immutare

489 2540 669 2634 studebat,
695 2565 764 2612 non
781 2535 1035 2630 concedebant,
1061 2549 1143 2640 tum
1163 2549 1294 2612 certum
1315 2550 1452 2632 manet,
1484 2541 1707 2641 Pythagorae
1728 2553 1764 2616 et
1779 2541 1927 2643 Pyron.
1992 2535 1996 2540 ’

490 2647 674 2742 goreorunr
712 2650 917 2737 potestatem
951 2663 992 2711 eo
1024 2663 1137 2736 usqne
1161 2639 1165 2646 ’
1177 2641 1407 2736 processisse,
1435 2644 1491 2722 'ut
1522 2641 1728 2718 dissidentes
1757 2646 1847 2718 inter
1876 2670 1914 2718 sc

492 2754 595 2840 atque
629 2739 868 2812 discordantes
898 2739 1052 2811 civitates
1074 2741 1113 2811 in
1137 2741 1320 2836 pristinum
1351 2743 1569 2816 restituerent
1586 2755 1734 2837 statum,
1772 2746 1914 2842 antiqua

371 2857 373 2862 “
492 2853 526 2914 et
560 2843 674 2938 quasi.
696 2838 876 2912 obliterata
907 2840 1142 2911 aristocrab'ae
1163 2839 1241 2936 jura
1276 2854 1500 2935 revocarent,
1553 2869 1618 2916 sua
1651 2847 1853 2918 auctoritate
1879 2857 1933 2916 et·

492 2940 675 3039 prudentia
691 2939 875 3032 lolcirent,
901 2937 1171 3036 amplificarent,
1203 2937 1374 3036 quaslibet
1390 2968 1473 3016 rero
1490 2942 1601 3041 plebis
1620 2945 1763 3043 ejusque
1783 2945 1913 3018 ducum

493 3041 679 3118 insolentes
703 3043 883 3140 petib'ones
906 3042 1155 3140 restringerent
1186 3040 1390 3140 furoresque
1417 3046 1694 3141 comprimerent.

607 3143 786 3235 Quamdiu
815 3142 1036 3242 Pythagoras
1070 3141 1212 3236 aderat,
1249 3142 1487 3243 Magnumque
1511 3145 1607 3219 illam
1632 3144 1816 3220 Graeciam
1839 3159 1913 3220 tuur
1967 3141 1973 3150 ⁶

495 3243 627 3316 bonore
651 3243 876 3340 disciplinae,
906 3255 980 3314 tum
1005 3247 1208 3317 auctoritate
1231 3243 1391 3335 tenebat,
1419 3244 1602 3320 laetissime
1626 3249 1774 3322 effloruit
1797 3273 1925 3320 rerum·

494 3342 714 3442 publicarum
753 3353 865 3415 status
899 3351 934 3413 et
966 3340 1130 3415 conditio.
1182 3343 1308 3418 Cicero
1340 3347 1451 3417 Tusc.
1481 3344 1530 3437 Q.
1551 3348 1590 3440 1,
1617 3345 1682 3420 16.
1716 3351 1765 3438 V,
1789 3346 1831 3420 t.
1870 3348 1914 3420 de

495 3444 602 3520 offic.
626 3446 666 3538 1,
691 3442 760 3517 50.
798 3443 841 3516 dc
876 3437 1023 3515 Amisit.
1054 3465 1087 3514 c.
1115 3440 1157 3514 4.
1218 3444 1360 3540 Optime
1393 3446 1677 3522 administrabant
1715 3447 1912 3545 philosophi

493 3545 545 3620 illi
565 3549 744 3646 optimates
769 3556 840 3619 tam
864 3567 1000 3618 summa
1024 3567 1140 3616 rerum
1166 3543 1319 3616 civilium
1342 3548 1486 3643 peritia,
1516 3573 1683 3646 generoso
1707 3548 1914 3645 excultoqtre

495 3650 631 3742 animo,
688 3674 792 3746 quarn
840 3645 992 3719 fraterna
1037 3648 1137 3744 quasi
1176 3647 1399 3730 unanimitate
1440 3648 1582 3746 publicu
1613 3649 1750 3748 negotia
1786 3651 1910 3746 (Diog.

495 3749 615 3821 Lcttrt.
651 3749 767 3840 vlu,
800 3745 842 3820 5.
880 3745 1016 3820 Jambl.
1065 3743 1260 3846 §.129.),
1298 3757 1334 3820 et
1357 3748 1578 3846 depravatam
1617 3751 1914 3846 effeminatamque

496 3876 632 3923 morum
655 3849 805 3921 iodolem
828 3849 956 3919 virtute
977 3871 1019 3918 uc
1042 3849 1266 3946 temperantia
1288 3848 1513 3946 repellebant.
1565 3851 1625 3922 En
1649 3849 1728 3921 ride
1751 3847 1913 3946 pulchere

496 3953 622 4022 simum
637 3951 754 4023 locum
769 3947 1086 4048 Pythagoricorum
1103 3949 1250 4049 gloriam
1265 3949 1524 4042 nobilitantem,
1541 3975 1645 4045 quem
1662 3959 1772 4022 totum
1781 3949 1914 4024 descri-

497 4050 580 4124 bere
602 4077 726 4148 operae
744 4075 826 4123 sane
850 4052 997 4146 pretium
1016 4063 1089 4122 est:
1120 4045 1214 4152 adpo
1237 4044 1316 4132 dds
1335 4082 1393 4134 τις
1415 4047 1580 4130 σπανίως
1599 4049 1670 4144 μὲν
1690 4048 1917 4156 φιλοσόφους

499 4144 696 4253 ἄρξαντας
728 4158 769 4232 ἑν
792 4156 867 4232 τοῖς
904 4146 1138 4254 ἀνθρώποις·
1175 4151 1284 4249 λέγω
1319 4149 1359 4232 dl
1391 4149 1463 4230 τοῖς
1491 4145 1759 4248 ὠνομασμέναςι
1779 4149 1917 4256 doxae.

411 4393 422 4416 .
500 4245 1916 4460 orooro“tractaturoattractentur}

500 4451 730 4538 Ἰταλιώτας
762 4449 801 4536 δὲ
834 4453 1062 4554 σύμπαντας
1084 4464 1159 4538 τῶν
1187 4456 1473 4557 Πυθαγορικῶν
1498 4463 1671 4539 τοσοῦτον
1698 4453 1829 4560 χρόνον
1857 4447 1917 4532 rai-

385 4667 394 4690 !
503 4550 818 4662 δαιμονήσαντας,
853 4555 922 4640 xci
951 4556 1054 4660 μετοί
1081 4557 1269 4658 absictos
1293 4551 1454 4661 ὁμονοίας
1482 4555 1552 4642 καὶ
1577 4554 1714 4664 εἰρήνης
1734 4561 1917 4642 πολιτευ-
