4428 5306
1067 482 1370 640 H-n-

527 717 599 790 cuit
622 717 714 790 enim
739 725 900 798 accuratu
925 722 1079 788 veterum
1093 716 1294 808 tractatio,
1323 712 1368 788 ab
1393 713 1457 805 iis,
1495 715 1556 810 qui
1588 675 1699 812 usque
1723 714 1769 788 ad
1794 727 1950 792 nostrum
2078 702 2097 756 s

526 829 665 914 tempus
690 815 808 915 Pytba
855 817 947 900 ricae
979 817 1152 888 societatis
1184 815 1363 890 historiam
1393 816 1691 910 conscripserunt,
1734 817 1893 892 mcedcre
1918 832 1953 892 et

527 918 630 990 ubam
652 841 855 1013 quaerendi
863 917 955 987 viam
979 915 1127 1014 ingredi.
1182 917 1336 990 Multum
1362 914 1596 1006 desideratur,
1628 914 1671 988 ad
1693 939 1839 1016 scopum
1856 919 1955 999 illius

496 1037 499 1044 ’
527 1021 697 1092 societatis
723 1017 839 1088 animo
865 1015 1226 1113 comprehendendum
1251 1027 1286 1090 et
1310 1020 1376 1092 rite
1400 1015 1668 1113 explanandum.
1718 1019 1842 1116 ltaque
1868 1045 1951 1096 eon·

463 1119 472 1130 “
528 1119 706 1212 εῐὶιιιίηιιιε,
729 1116 931 1214 decivitate
956 1117 1198 1209 Crotoniensi,
1243 1129 1434 1190 ceterarum
1465 1115 1618 1213 Magnae
1639 1115 1807 1192 Graeciae
1833 1122 1952 1194 ciuita-

530 1231 601 1288 tum
628 1228 786 1313 respectu
810 1215 950 1310 habito,
985 1219 1164 1316 pardrdum
1188 1217 1410 1318 praeludere,
1453 1219 1610 1300 maxime,
1633 1243 1716 1292 vero
1751 1219 1788 1291 id
1815 1233 1952 1318 tompus

530 1318 722 1414 respicere,
764 1344 838 1416 quo
867 1318 1019 1419 Crotone
1058 1321 1096 1391 iu
1129 1317 1281 1396 medium
1313 1317 1557 1415 procedentem
1589 1320 1784 1392 bavenimus
1816 1321 1951 1417 Pytha·

465 1493 471 1502 ,
528 1445 662 1517 goram.
724 1419 798 1492 Diu
827 1419 953 1492 dubius
984 1419 1100 1512 haesi,
1146 1431 1262 1492 utrum
1292 1419 1387 1492 illam
1418 1422 1511 1492 viam
1543 1421 1686 1510 inirem,
1732 1445 1778 1491 un
1814 1421 1952 1519 singula

386 1613 388 1620 Α
528 1511 639 1592 valde!
654 1523 848 1607 necessaria
881 1548 944 1595 suo
974 1521 1054 1594 loco
1084 1521 1308 1594 inculcarem.
1363 1521 1459 1596 Vicit
1482 1521 1578 1618 prior
1601 1523 1701 1592 ratio.
1757 1521 1954 1598 Verum.id

529 1645 599 1696 uon
625 1634 849 1718 spectemus,
877 1633 984 1696 totam
1009 1622 1101 1696 ilbus
1126 1623 1273 1694 civitatis
1290 1619 1471 1694 historiam
1490 1620 1692 1713 enucleare,
1724 1621 1818 1718 quod
1832 1633 1952 1718 nostro

531 1723 675 1795 consilio
700 1725 945 1800 incoveniens
970 1734 1084 1813 esset,
1120 1721 1181 1795 sed
1206 1747 1245 1794 eu
1271 1747 1493 1818 praemonere
1518 1732 1553 1794 et
1577 1721 1768 1814 illustrare,
1801 1723 1954 1822 quae-ad

445 1891 448 1920 1
530 1826 762 1920 quaestionem
784 1821 992 1916 permrdtum
1015 1821 1145 1894 valent.
1205 1823 1408 1895 Praesentio
1435 1822 1597 1918 quidem,
1635 1821 1726 1894 bunc
1755 1823 1953 1920 inquirendi

531 1925 697 1992 rationem
721 1920 839 1992 multis
862 1923 975 2018 primo
1000 1921 1166 2019 adspectu
1190 1919 1423 2018 improbatum
1444 1923 1508 2013 iri,
1535 1917 1597 1996 sed
1622 1947 1703 1994 cum
1718 1925 1802 1997 viris
1820 1934 1952 1995 tantum

529 2019 798 2192 intelllipentibus
830 2033 865 2094 ct
896 2025 947 2114 rei
985 2025 1103 2122 peritis
1140 2047 1229 2121 ago,
1279 2023 1341 2121 qui
1373 2020 1530 2094 absoluta
1562 2026 1761 2120 quaestione
1794 2019 1956 2123 judicent

531 2122 604 2218 quir
638 2123 797 2195 sentiant.

1193 2499 1294 2631 Il.

647 2739 880 2837 Temporibus
916 2740 984 2814 illis
1017 2741 1243 2832 turbulentis,
1292 2739 1421 2837 quibus
1445 2741 1566 2815 Dones
1604 2744 1641 2813 iu
1674 2741 1957 2838 Peloponnesum

532 2841 760 2937 irrumpentes
785 2841 877 2915 leliei
901 2867 1007 2912 mauu
1026 2838 1250 2918 Achaeorum
1346 2839 1443 2920 ulum
1468 2867 1531 2912 suo
1548 2843 1692 2936 imperio
1711 2841 1955 2938 subjiciebant,

533 2937 680 3038 subjecti
715 2967 798 3018 uero
823 2968 843 3014 a
870 2941 1059 3020 victoribus
1094 2943 1209 3017 omnia
1261 2939 1588 3012 'ivindieantibus
1619 2939 1892 3011 sollicitabantur
1922 2951 1957 3012 et

449 3129 453 3142 ἶ
533 3043 796 3140 premebantur,
847 3043 1063 3142 relinquendi
1101 3040 1357 3142 quaerendique
1394 3042 1541 3139 patriam
1577 3037 1693 3110 multis
1730 3064 1844 3140 eausa,
1873 3037 1951 3111 luit.

534 3143 702 3216 (laternae
723 3141 947 3218 Achaeorum
975 3147 1145 3244 emigrant
1169 3142 1341 3218 feliciores
1362 3165 1442 3213 oras
1470 3149 1636 3238 petentes.
1700 3137 1816 3213 Dores
1841 3150 1956 3244 autem

533 3241 730 3336 praevalida
755 3247 907 3343 potentia
932 3249 1102 3339 instructi,
1131 3257 1170 3318 ut
1195 3267 1257 3316 sua
1282 3243 1436 3314 instituta
1461 3245 1495 3314 ct
1513 3266 1629 3319 mores
1650 3241 1754 3312 simul
1779 3266 1859 3312 cum
1880 3239 1954 3314 cul·

535 3341 666 3416 toribus
689 3334 830 3415 advenis
855 3347 892 3416 iu
914 3343 1043 3436 alienas
1069 3359 1178 3418 terras
1209 3343 1480 3436 deducerentur,
1519 3341 1649 3438 ubique
1676 3336 1854 3432 curantes,
1888 3365 1954 3411 nec

533 3443 569 3512 in
593 3441 649 3514 bis
676 3443 833 3516 l'ecerrmt
857 3441 1010 3534 Achaeis
1036 3445 1184 3518 liberum
1217 3441 1419 3533 arbitrium3
1467 3457 1739 3540 praeposuerunt
1771 3443 1813 3514 iis
1840 3440 1955 3537 ¹(lurcos

449 3609 455 3616 .
533 3542 642 3632 nobili
673 3558 774 3644 gente
806 3557 1006 3643 prognatos.
1072 3547 1208 3620 'l'autae
1242 3569 1359 3614 rerum
1381 3545 1647 3616 ‘commutationi
1680 3543 1774 3614 subs.
1792 3541 1954 3614 Crotonis

533 3647 700 3746 originem
724 3671 821 3717 suam
848 3645 966 3750 debuit
992 3649 1085 3723 circa
1109 3646 1172 3721 01.
1195 3644 1341 3720 XVIII·
1376 3643 1425 3743 ¹).
1553 3647 1557 3658 ’

578 3875 616 3960 l)
636 3871 794 3962 Herodot.
814 3875 909 3957 vm,
938 3876 990 3943 47.
1032 3877 1071 3944 ln
1092 3889 1181 3946 tauta
1214 3878 1403 3968 scriptorum
1428 3876 1579 3948 droconis
1607 3881 1710 3940 ortum
1738 3870 1955 3938 definientium

638 3957 817 4026 differentia
832 3963 934 4048 magis
951 3961 1148 4050 seligendum
1187 3985 1262 4030 uem
1278 3963 1522 4032 discernendum
1536 3981 1625 4039 esse,
1670 3969 1738 4023 utut
1751 3955 1955 4024 Niebuhr-ius.

638 4045 770 4147 Dionys.
785 4045 887 4112 Helie.
901 4047 944 4126 Π,
960 4047 1011 4112 59.
1036 4048 1087 4113 01.
1098 4047 1158 4116 XV
1193 4050 1244 4128 ,¹3.
1267 4049 1350 4138 (sec.
1362 4051 1549 4121 Timaeum,
1566 4066 1630 4131 quo
1643 4041 1756 4108 resistit
1771 4039 1907 4108 Cllnton.
1922 4041 1954 4108 iu

567 4171 586 4190 ..
638 4131 745 4197 Faetus
759 4129 883 4196 Hellen.
898 4129 1040 4232 Append
1063 4155 1094 4219 p.
1106 4134 1178 4200 409.
1200 4155 1230 4198 u.
1247 4147 1280 4199 et
1300 4159 1329 4222 p.
1341 4133 1434 4219 265.)
1454 4129 1613 4198 Eusebius
1634 4125 1685 4192 ΟΙ.
1696 4125 1815 4206 XVIII,
1830 4127 1860 4192 l.
1877 4147 1954 4192 con·

463 4237 469 4258 ·
638 4213 785 4295 stituunt,
810 4213 960 4282 Chrourc.
978 4218 1104 4282 Armcn.
1119 4217 1161 4284 II.
1190 4241 1220 4305 p.
1235 4219 1306 4284 181.
1349 4218 1450 4284 Miror
1473 4229 1594 4284 tamen,
1626 4210 1834 4278 Niebubrium
1856 4221 1889 4277 et
1911 4211 1952 4275 0.

638 4297 842 4376 Muellerum,
878 4300 1053 4367 Eusebium
1083 4325 1119 4368 se
1152 4301 1242 4388 sequi
1264 4301 1422 4382 dicentes,
1459 4297 1617 4376 otxlx,
1635 4299 1665 4363 2.
1687 4297 1851 4373 statuisse,
1880 4315 1953 4360 curn

641 4379 693 4447 bic
709 4405 809 4451 annuus
831 4384 987 4474 Scaligeri
1007 4395 1146 4466 tantum,
1167 4387 1220 4474 qui
1240 4387 1416 4454 Eusebium
1436 4389 1477 4454 sb
1499 4384 1695 4471 Hieronymo
1713 4378 1899 4462 ,trauslatum
1920 4389 1953 4444 et

640 4467 840 4535 emendatum
862 4469 1015 4548 babebat,
1045 4473 1228 4563 conjectura
1250 4471 1405 4537 fulciatur.
1448 4469 1641 4538 Niebubrius
1665 4468 1696 4532 in
1711 4463 1792 4530 Hist.
1817 4463 1909 4530 Rom.
1925 4463 1951 4530 1.

524 4647 528 4654 ι
647 4576 676 4640 p.
690 4553 761 4620 163.
805 4551 918 4620 Odosr.
939 4553 1109 4623 Muellerus
1133 4557 1163 4622 iu
1187 4555 1265 4624 Dor.
1284 4555 1318 4636 1,
1340 4556 1402 4625 126
1428 4555 1505 4642 (sed
1528 4553 1587 4622 vid.
1606 4553 1654 4634 11,
1678 4547 1777 4634 488·)·

1988 1425 1995 1442 ν

1892 2227 1896 2241 Ι

1807 2284 1809 2293 ι
1959 2286 1962 2295 ι

1965 2543 1971 2556 Ι

2044 3617 2050 3634 l
