4428 5306
1080 537 1341 616 ..78-

501 723 547 804 ad
598 687 838 828 perspicienda
885 723 1006 798 mundi
1057 753 1167 828 opera¹
1208 739 1243 803 ct
1291 730 1461 829 principia
1508 741 1650 808 uacuae
1694 731 1921 834 processisse.

503 833 572 918 His
606 832 769 904 scientiae
795 827 917 902 studiis
942 825 1109 902 absolutis
1133 827 1310 903 absolutus
1336 841 1390 902 est
1417 830 1538 914 Tauro
1563 833 1764 934 disciplinae
1789 841 1924 940 Pytha.

502 935 641 1036 gorieae
668 955 805 1020 cursus,
834 927 918 1002 dicit
942 931 1055 1001 enim:
1080 933 1158 1001 “ac
1174 941 1259 1002 tunc
1281 929 1430 1028 denique
1449 933 1712 1030 appellabantur
1737 942 1922 1042 φυσικοίΡ

505 1037 564 1110 Ex
595 1033 652 1104 his
686 1029 938 1104 evidentissime
970 1029 1143 1124 efficitur,
1186 1031 1281 1130 quod
1312 1033 1348 1102 in
1379 1033 1521 1106 exordio
1548 1034 1624 1132 jam
1657 1036 1921 1135 declaravimus,

504 1134 777 1234 Pytlraqorieam
807 1129 1000 1202 doctrinam
1033 1131 1175 1224 eodem,
1211 1157 1282 1230 quo
1312 1132 1503 1230 quamlibet
1527 1138 1747 1234 antiquorum
1795 1142 1923 1216 biloso⁴

503 1235 654 1336 phorum
687 1230 883 1304 decurrisse
913 1230 1017 1323 orbe,
1062 1230 1100 1302 b.
1128 1258 1162 1305 e.
1197 1233 1521 1331 contemplationem
1545 1237 1702 1310 illumin
1728 1170 1924 1341 indaganda

505 1331 823 1436 perscrutandaque
850 1356 967 1404 rerum
997 1343 1121 1404 natura
1154 1345 1346 1406 versantem
1381 1361 1451 1407 non
1483 1335 1681 1410 inferiorem
1702 1343 1738 1412 iu
1795 1343 1923 1419 biloso·

504 1435 667 1538 pharuda,
705 1432 768 1506 sed
798 1433 990 1530 principem
1018 1432 1206 1506 obtinuisse
1240 1435 1381 1528 locum,
1430 1435 1527 1518 θεῖα
1563 1438 1669 1538 igitur
1702 1467 1943 1546 “pappam

505 1535 764 1640 ἀνθρωπικοῖς
789 1560 860 1606 non
891 1532 1046 1631 subjecta
1068 1545 1103 1607 et
1126 1538 1315 1633 postposita
1341 1535 1447 1610 luisse
1461 1537 1517 1709 ’ἐς
1540 1559 1647 1636 porro
1666 1538 1925 1620 attioribusnis

505 1637 696 1737 disciplinis
716 1633 871 1708 excultos
896 1646 931 1706 et
954 1645 1094 1708 ornatos
1113 1635 1294 1729 alumnos,
1334 1662 1424 1735 quos
1450 1665 1473 1736 p
1501 1643 1615 1738 ysicos
1642 1655 1742 1715 vocat
1767 1645 1921 1736 Taurum,

507 1741 713 1814 averronc
746 1747 841 1808 recte
875 1733 946 1807 dici
980 1733 1155 1809 auditores
1173 1736 1249 1836 jam
1270 1737 1414 1832 doctos,
1454 1739 1522 1836 jam
1546 1741 1739 1837 perlectos,
1769 1744 1845 1842 jam
1869 1771 1924 1819 sa·

506 1844 651 1942 pientes,
673 1837 748 1936 jam
765 1835 896 1908 beatos.
949 1835 1034 1910 dam
1054 1854 1159 1930 vero,
1187 1841 1217 1910 si
1243 1837 1348 1910 linem
1372 1841 1478 1911 totius
1497 1841 1721 1942 Pythagorae
1740 1847 1925 1944 sapientiae

502 1949 599 2014 'mere
626 1937 805 2038 politicum
827 1935 933 2010 lirisse
958 1937 1143 2030 concedis,
1182 1940 1316 2010 mireris
1341 1939 1508 2034 sortasse,
1549 1967 1619 2040 quo
1644 1969 1798 2042 unquam
1822 1945 1926 2020 modo

441 2109 447 2130 „
507 2042 639 2114 lectrum
670 2041 738 2130 sit,
776 2047 815 2108 ut
847 2035 1006 2109 altsuursa
1035 2037 1096 2109 illa
1128 2038 1372 2136 intellectuque
1407 2039 1562 2112 difficilia
1588 2042 1631 2114 dc
1662 2071 1777 2118 rerum
1804 2059 1927 2118 natura

507 2142 669 2242 dogmata
706 2135 877 2234 explicata
918 2137 1067 2228 bedul,
1101 2153 1286 2236 autequam
1319 2140 1474 2212 ultimam
1508 2141 1623 2234 illam,
1666 2135 1771 2243 quam
1811 2147 1927 2224 Varro

507 2243 641 2335 innuit,
669 2249 856 2336 exponeret
875 2235 1106 2335 philosophus
1130 2237 1347 2336 disciplinam
1360 2238 1411 2340 ²).
1448 2241 1572 2313 Lutea
1597 2241 1764 2318 duntaxat
1785 2271 1927 2320 neeesse
2024 2239 2036 2264 ⁹

507 2345 620 2418 estin
644 2342 705 2414 illa
729 2339 897 2436 sapientia
917 2364 1026 2412 nexus
1048 2335 1188 2435 quidam
1210 2350 1244 2411 et
1270 2337 1467 2437 conjunctio
1493 2352 1650 2414 naturam
1675 2343 1766 2416 iuter
1787 2359 1822 2418 et
1843 2350 1927 2420 civi·

508 2457 634 2536 tatem,
667 2447 715 2516 ita
730 2451 770 2511 ut
794 2463 883 2538 quae
909 2439 1073 2512 docuerat
1087 2437 1137 2512 de
1159 2439 1280 2512 muudi
1306 2442 1562 2514 construetione
1589 2442 1929 2546 conformationeque

509 2545 752 2648 Pptbagoras‚
790 2542 908 2614 eadem
943 2566 1022 2612 cum
1048 2539 1167 2638 politia
1200 2552 1364 2638 tanquam
1397 2569 1558 2640 supremo
1590 2543 1766 2618 doetrinae
1792 2545 1929 2646 fastigio
2044 2580 2046 2584 ·

509 2650 709 2723 consociare
741 2639 985 2738 humanaeque
1016 2644 1107 2713 vitae
1131 2641 1322 2716 rationibus
1347 2652 1382 2715 et
1407 2643 1516 2716 cultui
1534 2646 1709 2743 aptissime
1734 2671 1930 2722 accommo-

510 2749 592 2821 dare
617 2741 744 2844 posset.
798 2739 862 2814 Ad
881 2739 976 2812 hunc
996 2767 1137 2832 nexum,
1168 2768 1272 2840 quem
1296 2741 1455 2816 distincte
1475 2743 1683 2819 intellexisse
1708 2748 1928 2844 arbitramur,

378 2866 380 2876 ¹
511 2849 752 2950 pravissimum
786 2842 977 2915 clarissima
1015 2840 1287 2912 collustrandum
1314 2841 1393 2914 luce
1425 2869 1530 2939 quam
1555 2847 1702 2920 maxime
1726 2851 1927 2948 requiritur,

420 3011 425 3018 .
511 2958 551 3021 ut
575 2958 727 3020 nostram
753 2939 1028 3040 philosophicam
1052 2941 1301 3038 expositionem
1325 2954 1573 3039 respectantes,
1599 2971 1670 3041 quo
1687 2973 1763 3020 scsc
1785 2974 1929 3046 excepe-

512 3051 581 3122 rint
599 3046 719 3122 ordine
734 3045 885 3135 deereta‚
902 3041 1172 3133 consideremus,
1200 3065 1388 3140 eorumque
1408 3068 1577 3114 summam
1593 3069 1665 3118 nno
1682 3047 1719 3117 in
1743 3059 1930 3144 conspectu
1995 3051 2002 3058 ’

447 3203 450 3214 .
512 3152 662 3248 positam
685 3147 769 3220 illuc
796 3147 1097 3217 ruo-revocemus.
1151 3141 1250 3216 Nihil
1284 3145 1395 3216 estin
1420 3143 1581 3217 universa
1606 3157 1751 3239 nabun,
1798 3147 1930 3220 dixerat

512 3247 762 3348 philosophus,
806 3241 902 3342 quod
936 3268 1081 3317 numero
1116 3255 1231 3338 caret,
1272 3243 1442 3344 quidquid
1482 3257 1560 3338 est,
1603 3246 1641 3319 id
1681 3247 1930 3322 mathematicis
1961 3317 1966 3328 ,

514 3423 956 3450 .........----·---·-

559 3525 597 3613 1)
620 3509 659 3592 ld
681 3519 809 3612 quidem
827 3491 901 3590 ideo
924 3540 1105 3601 monemus,
1124 3539 1165 3622 υς
1181 3541 1264 3608 quae
1285 3517 1436 3623 deinceps
1459 3520 1708 3606 decretissima,
1732 3547 1795 3614 quo
1818 3537 1930 3595 natura

622 3611 702 3678 inter
724 3629 761 3674 se
785 3618 818 3673 ct
838 3627 891 3672 res
915 3605 1073 3672 humanae
1093 3615 1349 3694 conjunguntur,
1380 3605 1502 3673 runculo
1524 3607 1785 3698 disputabuntur,
1815 3613 1931 3702 aliquid

623 3691 710 3784 quod
732 3689 854 3759 cultiori
874 3689 1039 3790 doctrinae
1061 3690 1221 3771 convenit,
1251 3711 1302 3756 me
1326 3693 1528 3760 contendisse
1548 3699 1745 3764 convincant

559 3807 599 3894 2)
621 3805 738 3872 Multos
760 3801 888 3892 quidem
909 3805 1011 3871 inveni
1032 3804 1115 3888 piros
1144 3801 1447 3891 praestantissimos,
1478 3806 1531 3893 qui
1555 3807 1800 3888 contenderent,
1832 3821 1932 3877 meta.
2039 3852 2046 3856 .

624 3890 772 3980 physica,
810 3911 894 3976 quae
925 3874 1049 3964 dicunt,
1098 3885 1308 3991 Pythagorae
1342 3887 1456 3978 placita
1486 3892 1559 3958 nihil
1586 3915 1763 3962 commune·
1785 3893 1934 3962 babuisse

625 3997 697 4042 cum
727 3974 860 4040 scicntia
948 3974 1051 4040 cudae
1080 3974 1220 4040 civitatis.
1270 3974 1332 4040 His
1363 3974 1537 4040 adnumero
1559 3979 1758 4057 Bacchium,
1787 3978 1839 4066 qui
1861 4001 1933 4068 per-

625 4087 642 4129 s
664 4062 737 4126 ioue
767 4057 859 4126 dicit:
937 4060 1022 4124 lleiu
1047 4057 1217 4145 politiscle
1244 4079 1320 4122 war
1347 4059 1449 4123 nicht
1476 4059 1538 4124 der
1567 4061 1721 4128 iunerste
1745 4063 1848 4128 Keim
1875 4065 1934 4128 des

660 4145 785 4224 under,
815 4141 983 4232 politiacle
1010 4163 1087 4210 war
1114 4162 1152 4206 er
1169 4139 1373 4206 sclewerlicla
1392 4163 1469 4208 vom
1490 4141 1644 4234 Anfaug
1666 4147 1811 4235 an,(?).·
1843 4148 1933 4212 deun

628 4227 708 4293 eben
737 4251 774 4292 so
802 4220 1017 4401 rethaettsse
1047 4227 1177 4290 audacte
1208 4225 1245 4287 ic
1273 4225 1402 4290 diesem
1423 4225 1525 4290 Folle
1553 4229 1751 4296 erscbeinen
1772 4231 1831 4298 die
1851 4231 1935 4316 tiefe
2080 4273 2088 4287 .

624 4311 789 4399 religiose
818 4309 892 4379 und
918 4311 966 4374 wi
995 4305 1246 4396 inccdeftliclre
1273 4305 1459 4394 Ilicletuug
1484 4305 1544 4375 dea
1577 4313 1726 4381 Vereins
1745 4317 1819 4380 und
1834 4317 1936 4400 jane

533 4394 535 4402 '
628 4405 743 4461 mete
781 4393 992 4482 layeircbe
1039 4391 1357 4491 Speculatioe,
1410 4390 1478 4456 die
1520 4397 1741 4464 wulcrlicle
1785 4396 1935 4462 niclets

529 4487 532 4498 '
628 4479 708 4545 mit
781 4475 1114 4566 stititgemem
1144 4475 1233 4541 leat.
1266 4473 1398 4540 delus.
1426 4475 1820 4574 OretaT.111,p.223,
1870 4480 1935 4548 Εχ.
1983 4501 1988 4511 ·

496 4593 501 4611 ·
627 4562 787 4655 periamur
808 4563 892 4630 ltano
915 4561 1171 4653 conjunctionem
1195 4557 1280 4627 clare
1300 4558 1479 4628 ostendere.
