4428 5306
1077 485 1440 608 -re-V

438 678 443 794 ἶ
494 728 616 807 suam.
669 711 877 791 ducendum
903 715 1044 816 quidem
1067 731 1121 794 est
1144 720 1284 814 videre,
1318 717 1492 820 quomo
1516 671 1740 822 Pythagorae
1774 723 1818 799 de
1849 752 1914 800 nu·
1964 749 1967 758 ·

493 825 668 908 merorum
705 818 896 894 redonibus
934 820 1060 916 placita
1099 817 1143 892 ab
1188 821 1447 920 insequentibus
1486 823 1740 923 Pythagoreis,
1787 830 1914 903 veteris

491 921 704 1018 pracsertim·
720 914 933 992 Academiae
967 921 1215 1014 sectatoribus,
1261 926 1331 996 sint
1362 926 1539 996 immutata
1573 937 1606 996 et
1637 937 1783 1018 novata,
1818 929 1914 1024 quod

493 1033 608 1093 minen
638 1021 684 1091 ita
719 1045 740 1112 a
769 1031 887 1093 nostm
918 1025 1096 1120 proposito
1119 1021 1310 1096 abhorrens
1333 1035 1407 1116 est,
1452 1036 1491 1095 ut
1511 1026 1541 1096 si
1567 1024 1715 1122 amplius
1736 1025 1776 1098 id
1795 1053 1912 1124 perse-

266 1169 269 1176 ,
412 1113 416 1144 ¹
493 1124 565 1194 cuti
583 1146 748 1214 essemus,
777 1123 901 1194 nimiae
917 1124 1031 1220 potius
1049 1122 1255 1222 prolixitatis
1277 1126 1408 1198 crimen
1431 1150 1535 1223 quam
1559 1123 1755 1224 diligentiae
1775 1127 1912 1201 laudem

491 1223 529 1311 in
560 1247 625 1294 nos
657 1226 947 1313 converteremus.
1001 1220 1169 1296 Attamen
1203 1227 1361 1324 panaris
1397 1251 1438 1298 co
1462 1251 1575 1322 usquc
1596 1229 1805 1323 quaestionis
1830 1255 1911 1325 pro·

492 1324 602 1420 gressi
626 1324 747 1415 simus,
776 1335 815 1397 nt
839 1350 910 1396 unc
929 1326 1031 1422 quasi
1051 1327 1089 1396 in
1113 1337 1303 1423 conspectu
1326 1353 1443 1398 rerum
1467 1328 1602 1423 copiam
1628 1337 1911 1423 pertractaturum

491 1422 720 1520 largissimam
750 1423 890 1517 videre,
934 1451 1092 1523 qtraequc
1126 1424 1171 1498 ad
1201 1425 1307 1498 linem
1330 1425 1571 1524 philosophiae
1593 1425 1849 1525 Pythagoricae
1873 1431 1911 1501 in

493 1521 586 1596 clara
626 1524 824 1622 ponendum
865 1526 945 1598 lnce
984 1525 1099 1598 adhuc
1132 1525 1390 1620 desiderantur,
1433 1527 1709 1604 commodissime
1754 1528 1911 1624 prolerre

492 1649 692 1724 possemus,
732 1629 1027 1722 pernecessarium
1060 1625 1244 1719 ducimus,
1286 1626 1330 1700 dc
1362 1626 1494 1725 duplici
1531 1630 1597 1702 isto
1628 1627 1770 1724 Italicae
1805 1628 1910 1702 disci·

491 1725 606 1822 plieae
640 1726 837 1802 ducamine
868 1739 938 1800 mm
970 1727 1174 1826 pervulgato
1206 1728 1373 1802 nonnullo
1397 1753 1641 1826 praemonere,
1679 1726 1910 1826 quesnellius

491 1825 536 1904 sd
557 1827 616 1921 id,
651 1826 746 1924 quod
773 1830 913 1926 assequi
933 1827 1161 1922 intendimus,
1193 1831 1340 1903 uanam
1359 1829 1475 1904 bceat.

476 2039 479 2047 t
604 1977 679 2051 Diu
711 1989 746 2052 et
778 1981 924 2053 multum
957 1979 1158 2054 increbruit
1174 1983 1310 2079 opinio,
1345 1983 1535 2056 recentiore
1560 1983 1776 2081 potissimum
1802 1991 1910 2055 aetate

491 2081 619 2199 nutrita
640 2090 674 2153 et
692 2079 925 2171 disseminata,
948 2079 1172 2201 l'ytbagorac
1198 2083 1374 2154 docuinae
1398 2081 1527 2179 duplex
1551 2109 1662 2180 genus
1685 2083 1805 2174 finisse,
1831 2087 1911 2153 crim

490 2192 718 2353 tache.
731 2181 1619 2379 sartatecta,
1637 2177 1911 2354 tetta

491 2393 573 2454 sunt
593 2406 740 2454 amores.
793 2380 1033 2454 Indubitatum
1059 2381 1199 2480 quidem
1224 2392 1276 2454 est
1301 2405 1343 2454 uc
1368 2405 1474 2480 supra
1490 2377 1699 2454 Aristoxeni
1714 2384 1911 2454 testimonio

491 2482 775 2584 comprobatum,¹
785 2482 959 2582 duplicem
976 2483 1224 2582 discipulorum
1242 2482 1398 2556 ordinem
1412 2483 1629 2555 constituisse
1646 2479 1908 2580 philosophum,

397 2583 399 2589 ’
492 2585 769 2658 commenticium
806 2609 913 2678 vero,
962 2610 1043 2659 enm
1082 2584 1250 2682 quasdam
1293 2583 1398 2657 modo
1439 2581 1632 2682 descriptae
1671 2579 1911 2681 philosophiae

493 2688 610 2784 partes
635 2687 673 2756 in
698 2708 825 2758 arcano
857 2683 1022 2758 babuisse
1047 2687 1152 2758 etita
1176 2684 1391 2774 occultasse,
1427 2694 1467 2756 ut
1489 2709 1510 2756 a
1532 2685 1669 2756 nemine
1693 2694 1834 2781 possent
1857 2683 1912 2753 in·

493 2785 623 2882 telligi,
662 2785 830 2882 quasdm
851 2793 972 2856 contra
992 2783 1131 2884 'vutgnt
1158 2809 1316 2858 sermone
1341 2785 1485 2856 vestitas
1512 2809 1593 2857 cum
1617 2787 1790 2857 extraneis
1817 2807 1911 2855 corn·

493 2885 703 2956 manicasse.
756 2884 999 2956 Rumuseulus
1019 2881 1078 2956 hic
1101 2908 1120 2955 e
1144 2882 1232 2956 falsa
1255 2884 1466 2980 antiquitatis
1486 2885 1766 2982 interpretatione
1789 2893 1912 2956 enatus

337 2969 340 2978 ’
414 3063 421 3074 ,
494 2983 642 3058 videtur.
696 2983 890 3084 Mysticum
920 2986 1034 3079 enim,
1073 3010 1144 3082 quo
1173 2979 1303 3082 passim
1327 2982 1579 3080 insignivemnt
1600 2983 1720 3054 altiora
1742 2979 1912 3080 quaedam

493 3084 717 3186 Pythagorae
742 3085 903 3186 dogmata
926 3085 1031 3160 Plato
1055 3085 1183 3184 aliique
1198 3084 1413 3182 ‘antiquiores
1434 3079 1656 3180 philosophi,
1697 3109 1773 3157 ,non
1797 3080 1912 3154 solum

494 3187 582 3260 illud
610 3187 759 3278 dicitnr,
796 3188 892 3285 quod
921 3187 958 3260 in
990 3189 1161 3286 mysteriis
1193 3187 1422 3285 proponitur,
1459 3183 1522 3256 scd
1559 3185 1741 3279 quidquid
1773 3179 1912 3277 efflet·

496 3293 627 3360 liorem
653 3289 878 3360 intellectum
904 3293 1132 3384 speciemque
1160 3292 1292 3360 secreti
1318 3287 1427 3358 habet
1454 3287 1498 3356 ob
1526 3285 1722 3380 verborum
1748 3285 1913 3356 obscuri·

386 3463 393 3478 ,
496 3405 609 3460 tatem
634 3393 817 3488 nacjnrem
851 3391 1074 3460 minoremve
1095 3404 1309 3484 praeopta
1334 3390 1566 3460 crrrdientium
1589 3383 1711 3486 (verba
1734 3396 1815 3458 sunt
1839 3383 1912 3458 Lo·

495 3487 608 3563 beelii
635 3491 674 3561 in
705 3485 886 3589 Aglaoph.
922 3487 971 3560 Τ.
994 3487 1027 3559 l.
1061 3513 1100 3584 p.
1118 3484 1227 3581 85.);
1265 3489 1381 3584 itaque
1414 3512 1529 3559 nonne
1562 3487 1679 3559 mirari
1700 3485 1909 3575 desinamus,

494 3594 524 3696 si
550 3593 709 3668 omuia'a
733 3589 938 3690 Pythagora
970 3587 1028 3662 rel
1055 3586 1216 3662 subtilius
1239 3587 1303 3660 ‘rel
1337 3585 1520 3661 sublimius
1548 3587 1640 3658 dicta
1665 3597 1699 3658 ct
1730 3583 1911 3686 Pythago·

604 3873 672 3962 quit
707 3875 852 3955 Samius,
892 3879 1111 3966 comprobant.
1173 3878 1346 3948 Continent
1374 3879 1511 3946 maxima
1547 3896 1588 3942 ex
1615 3882 1707 3960 parte
1735 3867 1913 3958 philosophi

603 3960 789 4046 gravissima
816 3969 992 4051 praccepta
1020 3964 1063 4031 ad
1092 3966 1239 4032 virtute·
1262 3964 1415 4056 jnstitiam
1438 3974 1481 4029 tte
1513 3955 1724 4057 exercendam
1753 3954 1913 4042 discipulis

626 4045 817 4133 raascripta,
845 4069 928 4134 quae
950 4071 971 4114 e
991 4050 1144 4136 posteris,
1178 4050 1316 4118 formasa
1334 3987 1649 4142 ipsiquythagorers
1670 4036 1726 4130 [ct.
1745 4039 1913 4142 tambach.

627 4127 733 4222 .259.]
755 4129 888 4198 collecte
904 4143 946 4200 ‘et
967 4135 1108 4200 versibus
1127 4134 1250 4203 inclusa
1270 4133 1431 4210 ridentur,
1454 4145 1487 4197 et
1506 4131 1666 4206 tuterunt,
1690 4135 1726 4191 ut
1746 4125 1913 4193 Hierocles

605 4214 697 4365 cisia
734 4215 961 4368 philopophiap·
991 4219 1117 4322 moralis
1153 4207 1746 4369 ⁰b⁸⁰¹⁰¹ff⁸im⁸g¹isimiginenl'nvidd
1772 4207 1912 4362 Ιῗὲξὲἓῗ

535 4419 542 4436 r
601 4311 907 4452 Plbdldrdndededbh
927 4323 1168 4474 obldldllmqudbe
1181 4297 1725 4482 {adulat,el'ythaugocrlcapbypl’bltlfle
1749 4345 1913 4480 bflqgfflll

603 4479 637 4532 ct
665 4469 840 4537 enucleavit
867 4471 1028 4560 Gyraldus
1056 4471 1154 4561 (Gyr.
1175 4471 1307 4561 operib.
1329 4481 1363 4538 ct
1383 4467 1542 4535 Hieroclis
1563 4465 1734 4532 tetraonis.
1757 4457 1912 4551 adjecta),

591 4551 711 4648 ,metim
732 4564 837 4622 tamen
858 4555 996 4635 Orethus
1016 4558 1050 4628 in
1070 4557 1191 4648 Opere
1214 4567 1276 4630 ret.
1297 4557 1415 4626 saec
1430 4551 1616 4626 sententios-

2039 531 2042 540 n

1978 642 1983 656 t

2004 667 2013 680 'h

2016 1175 2020 1184 a

1961 1200 1966 1208 ι

1950 3012 1955 3023 ἱ

2086 3061 2090 3068 ι

2082 3445 2094 3452 .

2130 3927 2138 3934 ·
