4428 5306
713 524 1122 600 ιιι-νη-

274 689 411 780 talum,
467 681 530 758 sed
565 680 661 780 quod
697 681 795 758 deest
838 682 941 760 facile
982 709 1027 758 ex
1065 679 1269 758 Jamhlicho
1309 693 1422 780 potest
1461 686 1615 784 suppleri
1653 728 1704 746 -

255 787 435 890 'quamvis
475 787 594 862 minus¹
630 794 666 858 et
710 783 935 882 dispositione
976 795 1011 858 et
1055 781 1232 858 scribendi
1275 809 1350 860 sese
1392 787 1625 872 commendet
1647 815 1706 862 ra-

275 895 397 979 tione,
455 885 603 958 multum
649 895 764 958 umen
812 888 935 962 ceteris
988 909 1073 960 suae
1119 885 1239 958 aetatis
1292 899 1446 984 praestat
1487 913 1583 986 eo,
1610 891 1725 988 qaod

276 989 479 1087 compilator
503 997 680 1077 veterum,
723 1009 811 1084 quos
833 997 1068 1080 secutusest,
1107 997 1247 1060 amata
1269 1012 1340 1060 nou
1366 987 1495 1086 putidis
1520 1001 1554 1062 et
1581 1015 1703 1087 super·

279 1092 422 1166 stitiosis
448 1087 627 1162 dochinus
650 1085 855 1164 Platonicae
881 1090 1086 1164 commentis
1108 1087 1266 1179 refersit,
1299 1086 1362 1160 sed
1386 1091 1588 1188 incorrupta
1613 1103 1706 1164 retu·

276 1194 339 1285 lit,
378 1201 414 1264 et
446 1187 542 1288 quod
574 1189 785 1283 maximaru,
825 1189 921 1288 qarod
954 1201 1135 1264 auctorum
1160 1191 1302 1264 uomina
1326 1189 1396 1264 lide
1422 1190 1708 1290 dignissimorum

277 1293 436 1393 plurimis
462 1289 549 1364 locis
585 1289 760 1389 adscripta
784 1293 1015 1368 conservavit.
1069 1290 1204 1364 Verum
1231 1293 1325 1364 euim
1349 1317 1433 1366 vero
1466 1294 1619 1391 graviter
1644 1293 1707 1368 do'·

276 1393 432 1484 lendum,
456 1389 711 1490 Porphyrium,
738 1390 775 1464 id
796 1392 892 1490 quod
916 1419 959 1468 cx
977 1390 1183 1466 Jamhliclro
1201 1391 1284 1466 licet
1304 1392 1436 1486 udere,
1458 1395 1496 1466 iu
1518 1418 1708 1493 excerpen-

278 1495 334 1568 dis
354 1492 453 1566 libris
480 1491 567 1566 adeo
591 1492 630 1566 iu
656 1519 765 1564 uuum
791 1505 985 1570 cumulasse
1009 1505 1045 1568 et
1070 1494 1314 1590 compressisse
1347 1496 1557 1592 scriptorum
1583 1495 1704 1586 verba,

277 1607 317 1668 ut
330 1593 478 1692 saepius
503 1591 589 1690 quid
613 1591 652 1666 hi
676 1591 901 1688 tradiderint,
940 1597 1063 1669 merito
1088 1593 1219 1692 ambigi
1243 1596 1365 1691 possit.
1426 1592 1572 1670 Malcho
1604 1597 1705 1670 dissi·

278 1695 369 1778 milis
394 1693 583 1768 admodum
618 1705 692 1768 erat
716 1693 791 1792 ejus
815 1694 1010 1793 discipulus
1040 1692 1278 1768 damhlichus.
1331 1695 1391 1770 Ex
1418 1707 1568 1793 quatum
1591 1695 1715 1788 lih'ris,
1861 1753 1872 1770 ,

278 1821 368 1894 quos
400 1795 452 1878 ‚dc
494 1793 616 1868 schola
651 1793 890 1894 Pythagorica
932 1797 1161 1894 conseripsit,
1210 1794 1327 1868 adhuc
1360 1799 1526 1889 servatis,
1573 1800 1708 1894 primus

278 1908 433 1988 tautum,
481 1897 611 2016 inquo
633 1919 723 1992 quae
747 1893 791 1968 de
820 1895 1049 2016 Pythagorae
1074 1898 1144 1968 vita
1167 1907 1202 1970 et
1223 1885 1541 2018 Pythagoricopum
1567 1899 1709 1974 u'vendi
1760 1885 1771 1918 ¹

278 1994 729 2194 ttt‘tltltatti.
750 1995 1586 2198 mttdttttttttthtlffltfflt’
1605 2025 1708 2174 tt:
1839 2125 1847 2142 .

278 2197 398 2278 hlicho
422 2195 509 2272 adeo
528 2195 853 2294 reprehendendum
877 2209 933 2272 est
956 2200 1089 2298 magis,
1136 2199 1231 2296 quod
1256 2200 1415 2299 magistri
1440 2201 1637 2298 exemplum
1660 2201 1707 2274 ad

278 2298 482 2378 imitandum
520 2296 589 2392 sihi
625 2299 848 2396 proposuisse
882 2297 1033 2374 videtur.
1110 2297 1185 2372 Sed
1224 2301 1516 2396 quemadmodum
1552 2304 1706 2376 sinceras

278 2399 501 2499 Pythagorae
523 2395 567 2470 de
597 2401 751 2472 numeris
771 2399 922 2471 rationes
947 2400 1096 2495 mystico
1115 2398 1381 2472 Platonicorum
1403 2403 1543 2498 ingenio
1568 2403 1706 2498 perpla-

278 2503 365 2574 citaa
385 2500 460 2598 jam
494 2499 708 2572 teterrimum
739 2499 778 2567 iu
798 2495 944 2568 modum
972 2496 1232 2589 adulterabant,
1267 2500 1319 2570 sic
1352 2499 1496 2572 candem
1530 2499 1706 2574 licentiam

277 2597 477 2698 philosophi
519 2599 625 2669 vium
659 2597 732 2697 suis
769 2593 960 2668 exornandi
998 2594 1127 2668 subulis
1169 2609 1204 2670 et
1239 2596 1452 2694 depravandi
1484 2599 1707 2699 sibimetipsis
1770 2601 1792 2628 ''

276 2700 480 2798 permissam
497 2694 673 2768 volebant.
725 2694 963 2789 Jambhchus,
987 2695 1079 2788 dico,
1107 2697 1308 2794 compilavit
1330 2699 1482 2776 studiose
1508 2711 1543 2774 et
1567 2701 1612 2772 ad
1634 2716 1705 2776 tae·

277 2800 374 2876 dium
399 2822 511 2894 usque
531 2806 711 2888 auctores,
738 2821 860 2870 verum
876 2821 948 2870 non
965 2795 1087 2888 desiit,
1110 2794 1172 2870 uhi
1188 2797 1356 2884 latissime
1373 2811 1509 2900 poterat
1531 2802 1707 2878 exsultare

277 2901 409 2991 oratio,
445 2898 520 2970 suis
556 2895 670 2968 aliena
695 2895 901 2995 deturpare,
946 2896 1048 2995 cujus
1076 2896 1176 2972 haud·
1204 2901 1279 2974 scio
1300 2926 1347 2972 an
1365 2903 1537 3001 insignius
1565 2929 1705 3001 expres·

277 2996 1053 3180 nsunt
1134 3025 1275 3191 aar
1323 3101 1706 3180 es

278 3199 482 3292 serendum,
519 3200 588 3272 nisi
622 3209 844 3295 excerptase
872 3197 1114 3275 diversissimis
1137 3126 1367 3298 scriptulihhs
1393 3215 1507 3301 partes
1529 3207 1705 3279 incondite

278 3315 313 3378 ct
334 3323 521 3400 suppresso
547 3299 620 3372 sere
645 3323 781 3396 semper
806 3300 946 3374 nomine
970 3303 1225 3398 constipasset,
1276 3327 1424 3400 quarum
1459 3307 1533 3378 siue
1559 3331 1704 3380 accura-

279 3405 418 3480 tissima'
444 3399 689 3498 dispositione,
720 3397 966 3474 dishihutione
987 3410 1023 3472 et
1051 3399 1404 3499 &nantoacum
1429 3433 1545 3480 murm
1568 3407 1704 3506 Pytha·
1760 3407 1764 3414 ’

278 3505 477 3604 gor-icarum
509 3502 662 3600 cognitio
691 3499 790 3572 nulla
813 3511 878 3588 est.
932 3500 1123 3578 llleiuersio
1152 3502 1248 3578 hand
1280 3504 1384 3580 duhie
1410 3507 1506 3580 laudi
1530 3507 1701 3599 dandum,

328 3603 375 3686 od
401 3605 539 3702 primus
581 3600 687 3674 hauc'
709 3599 879 3676 lubricam
907 3604 1000 3675 uam
1034 3627 1118 3676 cama
1151 3627 1319 3678 successu
1356 3609 1533 3706 ingressus
1571 3611 1700 3708 eat1).
1845 3653 1847 3666 ι

279 3629 504 3804 &numquam
535 3705 591 3776 vir
620 3701 861 3798 doctissimus,
901 3729 971 3803 qua
986 3716 1068 3781 'mat
1101 3707 1354 3800 inconstantia,
1391 3710 1546 3782 terminis
1572 3709 1704 3809 disqui-

267 3808 446 3894 ,sitiouum
486 3815 591 3894 recte,
622 3800 793 3898 delinitis,
833 3805 1004 3904 quaedum
1037 3808 1180 3882 minoris
1209 3811 1376 3884 momenti
1406 3809 1724 3908 perperamacon·'
1844 3881 1850 3886 .
1894 3863 1899 3878 κ

280 3909 411 3999 stituit,
447 3908 608 4006 graviora
639 3918 756 3979 tamen
782 3905 975 4005 fragmenta
998 3933 1187 4007 eorumque
1215 3921 1373 3984 auctores
1394 3913 1573 4010 ingeniose
1598 3916 1699 3986 eruit.

280 4005 405 4080 illinus
431 4019 529 4080 caute
555 4019 590 4080 et
615 4009 865 4105 circumspecte
890 4006 1094 4106 ponderavit
1116 4008 1323 4084 historicam
1349 4015 1556 4108 scriptorum
1581 4003 1699 4106 heleni,

280 4107 488 4181 condemnat
513 4110 650 4205 saepius
675 4133 754 4200 eos,
793 4109 822 4180 si
848 4109 934 4214 qnid
958 4108 1194 4204 tradiderunt,
1213 4112 1327 4211 'quod
1359 4115 1434 4210 ipse
1459 4115 1698 4212 improbar,

279 4207 417 4284 levibus
451 4209 653 4281 ratiunculis
682 4209 840 4308 repudiat
873 4212 1109 4289 auctoritatem
1140 4209 1185 4286 ob
1218 4237 1373 4305 errores,
1425 4215 1486 4314 qui
1521 4213 1702 4290 videantur

326 4507 369 4605 1)‘
384 4521 422 4589 ln
442 4521 523 4588 libro
545 4517 748 4588 Geaclziclrte
768 4517 833 4586 der
859 4519 918 4586 W
914 4519 1187 4607 issenschcflen,
1219 4505 1265 4590 'l'J
1280 4521 1306 4590 1.
1336 4546 1366 4611 p.
1381 4522 1559 4600 273τ-88.
