4428 5306
894 609 949 630 ...
995 567 1052 644 as
1100 611 1154 626 ...
1364 609 1398 648 ,
1467 558 1475 568 ·

306 759 702 856 idoneus-priusquam
745 759 987 856 lertiaepmfi
1010 755 1131 830 sam
1162 752 1423 854 inpmainm,
1449 755 1493 828 de
1527 755 1596 830 illis
1630 739 1726 830 uleu-¹

307 867 436 942 donem
468 859 654 932 faciamus.
712 851 919 942 Dicendum.
941 859 1067 930 est-,do
1098 855 1301 930 madianitas
1325 855 1586 958 Pythagoricis.
1640 857 1729 932 Cro·

305 976 388 1136 {⁰¹¹⁰
412 960 765 1134 ³¹¹¹¹¹btlt¹¹³⁶tt
783 960 1382 1133 btlttffi’ahtffltttb
1398 959 1728 1134 stultat:

304 1087 480 1263 ciffi
493 1088 583 1235 eall
607 1162 823 1259 adscriptum
841 1078 942 1254 hiem
971 1185 1042 1233 non
1067 1083 1255 1257 probabile:
1270 1159 1383 1232 solnm
1409 1173 1480 1255 cst,
1509 1160 1570 1234 sed
1594 1110 1728 1232 saluam:

307 1261 505 1362 philosophi
541 1264 578 1334 in
616 1262 915 1352 administrandis¹
935 1261 1041 1333 rebus
1086 1259 1238 1358 puhlicis
1281 1273 1435 1360 potestas
1473 1260 1654 1335 manifesto
1690 1261 1728 1333 id

303 1363 467 1438 ostendit.
521 1361 591 1436 Illo
619 1373 772 1460 ternpore
797 1363 945 1438 Theano
971 1362 1206 1436 Crotoniatum
1236 1363 1274 1433 iu
1305 1363 1560 1437 matrimonium
1586 1361 1728 1436 drrxisse

306 1464 465 1554 uidetur,
512 1462 609 1561 quod
640 1465 710 1534 nisi
739 1466 826 1534 civis
860 1464 1000 1556 ferisset,
1048 1462 1165 1534 facere
1192 1462 1267 1534 sinc
1300 1461 1406 1535 dnbio
1439 1451 1510 1538 nori
1544 1465 1747 1562 potuisset.'

307 1565 539 1656 Quaerimus,
582 1589 667 1636 num
688 1563 748 1634 illa
773 1563 920 1640 'fheano
945 1575 980 1637 ct
1004 1562 1252 1658 discipulorum
1276 1563 1438 1636 mulieres
1464 1567 1616 1664 Doricae
1641 1590 1725 1663 gen·
1761 1658 1768 1670 .
1888 1595 1890 1607 .

306 1669 372 1756 tis,
404 1689 496 1761 quas
515 1663 739 1762 Pythagorae
761 1676 914 1762 tempore
941 1663 1132 1736 celebratas
1157 1663 1263 1736 luisse
1286 1667 1470 1738 memoriae
1494 1667 1645 1738 servarit
1663 1690 1724 1736 au-

301 1767 471 1862 tiqnitrs,
499 1765 709 1861 pariterue
741 1767 815 1838 viri·
838 1791 918 1836 cnm
938 1765 1255 1864 Pythagoricorum
1291 1765 1503 1861 studiorum,
1545 1789 1634 1864 qnae
1667 1765 1726 1850 de,-

301 1865 526 1961 soripsimus,
562 1875 639 1936 tum
663 1865 941 1961 quotidianorum
968 1875 1201 1938 conventuum
1226 1867 1409 1964 participes
1441 1868 1599 1942 luerint..
1636 1865 1725 1938 Nul-

302 1965 379 2038 lmn
402 1963 750 2060 locupletissimorum
775 1969 914 2038 testium
935 1965 1051 2038 adhue
1076 1967 1215 2054 iuveni,
1262 1968 1323 2064 qni
1350 1967 1452 2040 claris
1477 1967 1593 2040 verbis
1615 1967 1650 2040 id
1673 1966 1724 2038 as·
1865 2017 1870 2031 .

302 2065 478 2157 firmaret,
519 2064 757 2140 Dicaearchus
787 2066 813 2136 Ι.
850 2091 945 2164 saep.
979 2065 1006 2138 l.
1031 2090 1088 2164 ap.
1113 2065 1292 2164 Por-phys
1330 2065 1367 2167 5.
1392 2065 1457 2140 19.
1485 2071 1613 2160 refert,
1650 2069 1724 2166 Py·
1779 2096 1781 2105 ’

304 2165 485 2263 thagoram
520 2165 680 2238 mulieres
719 2168 842 2259 etiam,
890 2191 1038 2264 quarum
1073 2168 1178 2240 unius
1213 2167 1382 2242 Theanus
1415 2197 1542 2247 nomen
1577 2171 1724 2242 maxime

300 2264 471 2364 inclytum
495 2275 605 2359 esset,
641 2266 828 2364 disciprdas
849 2281 989 2340 uactmn
1024 2293 1111 2341 esse.
1174 2268 1376 2347 Notandum
1395 2291 1480 2345 vero
1505 2273 1543 2344 b.
1569 2272 1597 2347 l.
1628 2297 1722 2343 sum·

198 2365 203 2378 ‘
299 2391 395 2436 mum
413 2364 605 2463 Porphyrii
624 2368 777 2438 studium
800 2394 920 2440 ornnes
946 2373 983 2439 in
1006 2379 1139 2440 arctrun
1163 2368 1413 2459 concubendi,
1443 2398 1530 2466 quos
1553 2373 1724 2466 excerpsit

298 2473 479 2538 anctorum
504 2463 624 2558 locos3
661 2463 751 2561 quae
771 2466 1009 2536 Dicaearchus
1035 2466 1156 2561 viginti
1179 2467 1405 2562 paragraphis
1439 2495 1496 2566 ap.
1525 2469 1718 2542 damblicb.

300 2565 478 2660 deposuit,
524 2566 561 2634 iu
586 2589 695 2634 uuum
729 2566 917 2636 coarctavit
939 2563 1171 2662 Porphyrius.
1238 2565 1323 2638 ldeo
1354 2579 1449 2640 certo
1480 2568 1724 2650 condixerat
1816 2647 1821 2662 ι

297 2662 566 2750 Aristotelicas,
612 2662 706 2734 viros
737 2675 771 2735 ct
796 2663 944 2735 laminas
977 2665 1096 2736 eadem
1130 2663 1312 2762 disciplina
1348 2693 1428 2740 usos
1460 2670 1591 2761 fuisse,
1632 2694 1722 2766 qrrac

297 2773 412 2834 manen
438 2763 607 2860 sententia
632 2760 688 2834 vel
707 2765 797 2862 ipsis
824 2762 1113 2837 Neo-Platonici
1137 2761 1302 2838 brevibus
1332 2766 1446 2840 verbis
1472 2769 1568 2842 baud
1592 2795 1721 2867 suppo·

272 2861 410 2938 *nenda
434 2871 501 2933 est.
555 2863 680 2934 Potius
701 2888 743 2934 ex
764 2863 930 2936 omnibus
954 2863 1093 2936 iudiciis
1111 2865 1176 2936 rite
1195 2866 1374 2962 pensitatis
1385 2869 1529 2964 clucet,
1558 2871 1721 2944 mulieres

295 2985 318 3032 a
355 2961 529 3034 consortio
569 2962 709 3059 quidem
750 2965 930 3056 exclusas,
978 2967 1179 3038 maritorum
1217 2991 1300 3040 vcro
1334 2967 1379 3040 oh
1413 2997 1574 3069 magnam
1616 2998 1720 3069 quam

295 3064 461 3162 matronis
496 3061 717 3158 praestabant
748 3065 863 3138 Dares
904 3064 1159 3138 observantiam
1198 3078 1233 3138 et
1263 3072 1511 3163 reverentiam,
1561 3072 1719 3168 exemplo

295 3173 427 3236 erectas
465 3172 504 3232 ut
532 3161 698 3260 conjuges
725 3177 772 3244 et
807 3177 933 3240 matres
968 3165 1108 3237 feminei
1148 3191 1251 3238 sexus
1288 3168 1395 3242 duces
1428 3183 1463 3243 et
1505 3171 1720 3245 educatrices

295 3263 413 3336 titisse.
474 3261 607 3334 Mulier
630 3259 868 3362 Pythagorica
901 3265 1156 3339 absolutissima
1192 3266 1257 3338 t'uit
1290 3270 1404 3368 imago
1441 3275 1599 3367 munds,
1643 3299 1717 3344 mo·

295 3362 443 3453 destiae,
489 3363 655 3434 castitatis
695 3375 729 3436 et
764 3367 988 3449 constantiae
1013 3364 1216 3455 muliebris,
1264 3369 1396 3442 Dorica
1437 3375 1543 3472 igitur
1577 3375 1714 3446 mulier.

230 3479 238 3492 '
294 3461 470 3538 lllatrihus
496 3461 689 3534 simillimae
719 3478 817 3538 crant
842 3465 946 3538 tiliae.
1008 3465 1149 3539 Auctor
1175 3479 1227 3539 cst
1260 3471 1447 3563 Timaeus,
1495 3475 1718 3573 Pythagorae

203 3582 210 3592 “
294 3561 421 3652 liham,
461 3563 631 3660 virginem
656 3564 792 3658 adhuc,
825 3569 999 3664 virgiuum
1037 3567 1144 3640 choro
1174 3569 1365 3670 praefuisse
1392 3583 1426 3642 et
1460 3577 1625 3645 castitatis
1659 3599 1716 3648 eas

293 3663 482 3736 instituisse
508 3663 693 3758 doctrinis,
736 3667 914 3742 mulierem
937 3693 1021 3742 vero
1044 3671 1135 3739 inter
1159 3692 1238 3759 cas,
1282 3695 1371 3765 quac
1407 3671 1450 3742 ad
1486 3697 1581 3744 aram
1616 3665 1716 3746 aece-
1754 3739 1757 3748 ,

294 3761 432 3855 dorent,
469 3765 620 3860 primum
659 3763 847 3840 obtinuisse
870 3767 1018 3857 -locum,
1056 3769 1222 3839 Timaeus
1253 3793 1310 3866 ap.
1340 3771 1548 3871 flieronym.
1584 3801 1617 3848 c.
1649 3777 1715 3848 do·
1744 3770 1748 3778 ⁶

264 3863 417 3936 .vin.1.
444 3891 481 3960 p.
507 3861 603 3935 509.
643 3867 821 3968 Porrbyr.
855 3868 892 3968 ἓ.
913 3867 953 3939 1.
986 3865 1180 3942 darnblicb.
1207 3866 1244 3967 g
1266 3867 1359 3941 170.
1390 3870 1560 3972 (Goeller.
1587 3875 1713 3974 liagm.

293 3959 357 4032 61.
390 3989 428 4060 p.
450 3961 566 4064 265.)
601 3964 649 4065 ¹).
742 3969 864 4040 daras
886 3995 968 4041 vero
993 3969 1178 4060 accedere,
1200 3967 1327 4042 nobili
1365 3984 1499 4046 tantum
1531 3987 1565 4046 et
1602 3989 1715 4048 castae
1830 4035 1835 4040 .

292 4062 427 4167 mulieri
458 4065 696 4140 conveniebat.
765 4070 911 4168 llcplcta
945 4081 1027 4144 sunt
1061 4081 1215 4143 veterum
1255 4073 1384 4174 scripta
1415 4076 1714 4150 enunciationihus

215 4391 219 4398 .
330 4333 371 4421 1)
393 4333 491 4404 Errat
529 4335 614 4402 baud
644 4336 741 4430 dabie
770 4317 923 4417 Goeller„
959 4341 1042 4416 laune
1078 4341 1291 4410 narrationem
1320 4341 1455 4408 'limace
1481 4341 1626 4422 lacero,¹
1651 4373 1712 4416 non

397 4421 646 4486 'l'auroaneuitac
669 4424 826 4496 tiibncna,
858 4447 890 4510 p.
904 4427 1007 4503 dol„
1028 4449 1125 4515 ernam
1154 4427 1259 4492 omnia
1289 4427 1331 4492 ad
1358 4426 1521 4515 historiam
1550 4434 1711 4502 societatis

389 4503 644 4677 gyplpffiripptc
660 4507 847 4593 pertinentia
870 4532 931 4575 non
955 4511 1089 4630 h'iarrraeo
1112 4509 1316 4602 philosopho,
1345 4511 1403 4578 sed
1430 4513 1580 4582 historico
1605 4517 1709 4586 adseri
