4428 5306
224 2355 242 2378 ,
334 2294 576 2373 moverant,

895 561 1065 641 ..aa
1117 604 1168 626 .-

314 787 414 862 .auae
439 781 585 878 Theage
611 759 778 846 ficissent
803 763 836 861 (e
860 757 1049 860 ltiesslinp.
1078 741 1285 840 emendat),
1322 738 1529 837 promissum
1553 737 1744 834 praemium
1894 751 1899 760 ’

311 914 406 964 ‘cum
434 885 504 957 hoc
528 878 645 978 partiti
675 880 769 945 sant.
823 863 1046 956 Quamquam
1070 849 1178 922 multa
1203 847 1239 914 in
1266 839 1500 912 descrihendis
1525 838 1580 910 his
1602 838 1742 926 calami·

325 988 456 1062 tutibus
478 973 749 1075 ascriptoribus
771 962 971 1038 recentioris
991 952 1148 1052 inprimis
1169 945 1308 1034 aetatis,
1335 943 1373 1012 in
1388 939 1514 1034 majus
1527 950 1627 1010 aucta
1651 963 1739 1031 csse,
1776 975 1782 984 ·
1858 985 1861 992 -

256 1119 258 1128 ’
327 1113 410 1160 cum
439 1065 581 1180 {leynio
619 1075 779 1172 (Opaso.
802 1065 854 1136 ll.
880 1087 927 1158 p.
947 1051 1089 1155 188.),
1133 1043 1312 1121 Bocchhio
1342 1037 1401 1137 (in
1434 1035 1565 1110 Philol.
1589 1036 1739 1138 'p.9.),

327 1185 523 1262 Welchero
546 1176 770 1278 (prolegom.
794 1164 838 1238 ad
863 1162 1027 1257 Theogn.
1062 1147 1188 1254 pdll.
1225 1154 1297 1215 not.
1314 1139 1420 1236 tlt),
1455 1139 1552 1231 aliis,
1589 1136 1744 1212 credide.

318 1289 420 1379 -rim,
465 1282 574 1357 nolim
610 1289 726 1350 tamen
760 1265 1011 1341 Aristoxenum
1045 1264 1082 1326 et
1118 1245 1346 1346 Apollonium
1385 1266 1504 1312 eorum
1542 1239 1671 1312 referre
1707 1240 1746 1312 ἰιι

329 1363 533 1475 mimeram,
566 1379 672 1475 idque
700 1397 741 1446 ea
774 1369 817 1440 de
851 1387 976 1453 causa,
1012 1352 1107 1454 quod
1131 1346 1345 1448 Ppthaporei
1376 1367 1446 1412 non
1479 1337 1594 1412 subito
1619 1350 1654 1410 et
1678 1364 1749 1412 uno

323 1489 430 1586 quasi
455 1489 528 1557 ictu
552 1481 705 1562 Crotone
729 1480 790 1543 aut
817 1461 988 1538 interfecti
1012 1467 1072 1528 aut
1099 1449 1257 1548 expulsi,
1289 1441 1352 1515 sed
1375 1439 1470 1512 haud
1496 1439 1600 1512 dubie
1622 1439 1746 1514 identi-

325 1591 410 1662 dem
435 1584 567 1660 exitiosi
592 1582 630 1651 in
656 1599 720 1650 cos
746 1571 831 1643 iacti
853 1564 1016 1654 videntur
1042 1551 1222 1627 tumultus.
1275 1543 1409 1618 Verum
1435 1565 1479 1612 ue
1507 1542 1598 1611 intua
1623 1537 1748 1613 Croto.

331 1677 412 1762 nem
437 1669 577 1784 quidem
608 1702 686 1750 sese
719 1671 964 1746 continuerunt
986 1669 1123 1744 motus,
1166 1647 1228 1722 sed
1258 1669 1348 1718 unus
1378 1640 1473 1714 velut
1501 1639 1645 1713 morbus
1677 1651 1749 1712 tam

327 1784 526 1861 incredibili
560 1779 733 1853 celeritate
758 1773 972 1855 Tarentum,
1000 1759 1262 1850 Metapontum,
1295 1755 1497 1838 ceterasque
1520 1739 1642 1812 ltaliae
1664 1741 1749 1812 ciui-

325 1899 418 1961 ·tates
443 1889 662 1969 invaserunt,
688 1883 749 1966 ut,
777 1867 931 1964 collegiis
951 1859 1105 1954 undique
1130 1847 1369 1945 conflagratio,
1397 1841 1502 1914 caede
1524 1851 1559 1914 et
1583 1839 1775 1914 seditiones

325 1989 449 2062 omnia
474 1979 742 2078 complerentur.
797 1967 856 2043 Cf.
878 1956 1086 2036 Dicaearch.
1111 1979 1168 2050 ap.
1189 1945 1369 2044 Porphyr.
1402 1942 1440 2041 §-
1459 1939 1526 2012 56.
1576 1937 1746 2038 Apollon.

330 2115 392 2184 ap.
414 2081 550 2158 Jambl.
580 2080 617 2179 §-
632 2071 729 2148 262.
754 2067 912 2166 inprimis
931 2058 1062 2157 Polyb.
1079 2055 1133 2145 Π,
1154 2048 1223 2124 59.
1276 2047 1320 2116 Ιιι
1343 2053 1439 2115 tants
1461 2067 1578 2114 rerum
1597 2044 1759 2116 omnium

333 2185 438 2260 turba
465 2193 500 2258 et
529 2177 733 2253 confirsione
764 2166 948 2242 consilium
980 2164 1146 2254 ceperunt
1170 2148 1411 2236 Crotoniatae,
1451 2144 1511 2238 qni
1537 2143 1621 2244 fuga
1645 2145 1752 2213 vitam

616 2281 654 2351 in
678 2272 847 2374 judicium
875 2259 1036 2338 uocandi.
1099 2252 1274 2344 Quocirca
1303 2246 1443 2318 delectis
1468 2243 1581 2315 tribus
1608 2245 1753 2316 ciuitati-

330 2385 415 2480 ltus,
444 2381 657 2467 Tarentinis,
684 2367 934 2468 Metapontinis
954 2372 989 2432 et
1007 2353 1234 2439 Cauloniatis,
1257 2347 1466 2442 permissum
1488 2355 1540 2414 cst
1559 2343 1752 2416 arbitrium.

260 2547 265 2558 .
332 2487 506 2588 Apollon.
541 2471 760 2577 apulambl.
793 2465 831 2564 g.
851 2457 949 2532 262.
1010 2453 1113 2527 Missi
1138 2457 1220 2521 sunt
1246 2445 1291 2515 ad
1319 2467 1460 2520 cansam
1492 2441 1753 2538 explorandam,

336 2591 399 2686 qui
423 2583 562 2682 quidem
585 2563 732 2673 pecunia
759 2561 912 2657 corrupti
937 2551 1004 2654 (uis
1031 2554 1172 2632 ἕντοῖς
1196 2551 1272 2626 τῶν
1291 2546 1567 2648 Κροτωνιατῶν
1592 2537 1758 2637 ὑπομνή-

335 2713 454 2784 μασιν
472 2667 790 2778 ἀναγέγραπται)
813 2660 976 2734 uidelicet
990 2653 1159 2752 Cylonio,
1184 2647 1432 2734 decreuenmt,
1459 2667 1537 2714 reos
1556 2643 1594 2712 in
1614 2642 1757 2716 exilium

246 2873 249 2884 ,
337 2781 525 2884 ejiciendos
549 2802 637 2852 esse.
691 2757 950 2867 Apollonii.
977 2755 1114 2842 «lustin.
1142 2748 1215 2822 l.l.
1267 2742 1370 2843 Ager
1386 2767 1481 2830 nunc
1503 2741 1634 2816 divisus
1652 2754 1705 2816 est
1721 2753 1758 2818 et

338 2909 450 2959 nouae
482 2879 620 2954 tabulam
652 2873 777 2944 factae.
831 2857 992 2935 Tandem
1023 2855 1172 2927 decursu
1201 2846 1389 2921 multorum
1419 2869 1610 2936 annorum,
1647 2844 1759 2917 caesis

339 2985 581 3060 seditiosorum
618 2971 789 3061 ducibus,
829 2962 900 3083 ‘aa'
924 2985 985 3076 se·
1006 2954 1196 3072 redierunt.
1218 2946 1438 3066 Crotoniatae
1450 2994 1470 3036 ,
1514 2945 1757 3044 intelligentes,

339 3073 748 3282 tthtttffittttht
761 3042 1762 3244 sithtrttttlithht{lituintttth
1862 3109 1866 3116 ’

342 3287 491 3386 patriam
521 3299 685 3352 revocare
718 3265 859 3338 vellent.
930 3256 1054 3351 ltaque
1088 3248 1245 3322 arcessiti
1281 3253 1364 3335 snat
1393 3268 1437 3314 ex
1468 3239 1609 3316 Achaia
1640 3245 1760 3344 legati,

345 3409 493 3486 quorum
519 3405 584 3478 ope
606 3399 686 3448 cum
705 3363 866 3441 exulibus
889 3360 926 3429 in
947 3355 1094 3455 gratiam
1116 3345 1313 3437 rcdicnrnt,
1348 3355 1383 3416 et
1400 3342 1592 3442 juramenta
1613 3344 1763 3444 Delphis

274 3495 278 3500 ’
347 3489 605 3561 consecrarunt.
670 3472 839 3544 Fuerunt·
861 3457 1020 3570 reduces·
1037 3455 1130 3526 circa
1163 3449 1361 3544 omagium,
1410 3446 1562 3540 exceptis
1593 3433 1667 3543 iis,
1701 3447 1763 3543 qui

347 3597 457 3668 aetate
486 3577 719 3680 provectiores
748 3573 858 3641 erant.
911 3558 1045 3655 Magna
1067 3577 1150 3650 pars
1173 3573 1292 3620 eorum
1315 3543 1495 3614 tractanda
1517 3555 1589 3614 arte
1614 3545 1760 3638 medica,

348 3710 418 3786 qua
442 3683 524 3758 olim
543 3675 704 3751 inclaruit
725 3666 833 3758 urbs,
864 3671 1015 3732 ueterem
1034 3653 1180 3754 gloriam
1199 3645 1397 3734 renovavit,
1424 3643 1600 3740 multaque
1625 3643 1764 3716 saecula

347 3797 467 3888 postea
489 3784 541 3855 sic
559 3777 672 3876 viguit
691 3767 809 3869 Pytha
834 3783 992 3836 orcarum
1016 3779 1163 3838 nomen,
1188 3757 1228 3820 ut
1241 3745 1336 3818 nulli
1356 3742 1414 3814 alii
1436 3743 1530 3815 ‹loeti
1544 3744 1763 3817 uiderentur.

350 3879 520 3985 Apollon.
549 3906 608 3978 ap.
635 3869 772 3951 Jumbt
806 3791 833 3966 ξ

352 3987 395 4061 tle
420 3981 575 4080 llcpubl.
600 3979 641 4070 l,
669 3969 734 4046 10.
857 4009 859 4014 .

466 4083 573 4174 Quod
606 4077 650 4151 ad
674 4083 800 4146 statum
823 4059 1034 4161 reipublicae
1055 4051 1293 4129 Crotoniensis
1324 4049 1462 4137 attinet,
1503 4047 1645 4124 incenso
1664 4071 1768 4145 ayne.

355 4186 433 4262 driu
454 4195 489 4255 ct
525 4178 714 4252 interiectis
744 4168 922 4264 inopinato
954 4185 1038 4232 casu
1060 4155 1181 4229 ceteris
1217 4161 1287 4222 tam
1311 4148 1475 4222 Crotonis
1496 4169 1600 4243 quam
1619 4147 1769 4245 reliqua·

356 4313 435 4361 rum
456 4284 633 4355 civitatum
653 4269 892 4372 principibus,
920 4257 1084 4334 anarchiu
1109 4253 1240 4344 extitit,
1270 4250 1379 4322 donec
1404 4250 1518 4340 cives,
1545 4243 1769 4320 Achaeorum
1849 4246 1853 4269 ¹

358 4387 427 4461 lide
449 4395 485 4456 ct
501 4378 647 4453 consilio
671 4377 708 4444 in
730 4353 1247 4467 cumponendisealamituibus
1273 4350 1465 4440 sustentati,
1492 4352 1666 4424 communi
1689 4373 1771 4420 con.

359 4513 464 4560 sensu
489 4483 736 4563 decreverim,
777 4455 971 4560 adeornni
998 4455 1193 4554 exemplum
1223 4451 1334 4552 (nunc
1354 4446 1511 4549 demum)
1546 4453 1717 4522 civitatem
1741 4459 1776 4520 et

291 4687 296 4699 (
362 4587 567 4661 comtituerc
600 4589 635 4651 et
669 4571 928 4666 administrare,
966 4559 1121 4636 moribus
1150 4551 1262 4639 simul·
1280 4549 1494 4650 legibusque
1521 4548 1659 4628 adscitis
1700 4573 1775 4623 sus·

1202 4771 1206 4779 q
1320 4668 1408 4744 ro·

834 3855 960 3935 ,262
988 3845 1208 3930 2623.ssssAE
1270 3844 1531 3934 CiceroTusc.
1560 3845 1609 3937 Q.
1631 3846 1671 3938 1,
1699 3841 1763 3917 16.
1901 3902 1905 3910 ,
1967 3851 1970 3858 “
