4428 5306
286 1676 449 1875 Quum
480 1737 663 1836 vidissem,
698 1737 968 1844 Amplissimum
1000 1740 1298 1845 Philosophorum
1315 1735 1497 1819 'omnem
1532 1736 1608 1814 dari
1639 1737 1714 1812 sihi

138 1853 428 1951 ,jum

455 2009 700 2080 “Historiam
720 2009 906 2080 societatis
931 2034 956 2080 a
977 2007 1203 2104 Pythagora
1228 2009 1268 2078 in
1291 2007 1381 2078 urbe
1405 2005 1711 2079 Crotoniatarum
1849 2064 1855 2078 .

455 2112 646 2195 conditae,
674 2111 729 2180 ita
752 2122 878 2180 tuanen
898 2133 944 2180 ex
962 2108 1208 2205 scriptoribus
1219 2105 1304 2200 fide
1325 2110 1450 2202 dignis
1472 2109 1712 2198 illustratam,

457 2222 498 2281 ut
517 2222 691 2306 poteret,
730 2211 813 2304 quia
830 2211 960 2303 suerit
984 2235 1117 2306 scopus
1146 2209 1259 2302 bujus
1287 2211 1494 2300 societatis,
1530 2234 1581 2280 on
1611 2231 1712 2278 mere

455 2311 611 2383 moralis
631 2311 686 2382 acl
702 2311 889 2381 culturam
906 2312 1043 2397 animi,
1064 2335 1117 2382 an
1130 2311 1310 2406 politicus
1326 2311 1381 2380 ad
1395 2311 1713 2382 conservationem

455 2425 492 2482 et
533 2408 862 2507 amplificationem
901 2411 1102 2506 potestatis
1145 2411 1379 2505 optimatium
1420 2413 1459 2481 in
1503 2410 1714 2484 civitatibus

451 2515 602 2610 graecis
634 2521 807 2606 spectans
821 2534 831 2578 ε
844 2505 864 2533 ”

286 2668 335 2737 ita
357 2664 467 2735 tenuit
491 2661 675 2757 rapuitque
701 2659 854 2734 animum
883 2657 1093 2756 quaestionis
1119 2657 1352 2754 praestantia,
1382 2670 1443 2751 ut,
1479 2660 1511 2732 si
1535 2659 1620 2757 quid
1648 2685 1713 2759 pro

285 2763 414 2836 virium
436 2761 601 2833 tenuitate
626 2759 763 2834 efficere
781 2781 919 2856 possem
927 2793 947 2850 ,·
981 2755 1176 2855 periodum
1201 2757 1351 2832 faciendi
1372 2761 1591 2834 occasionem
1611 2773 1714 2860 puta·

287 2889 363 2938 rem
388 2860 691 2958 exoptatissimam.
744 2859 825 2948 Etsi
846 2857 988 2956 quidem
1010 2858 1149 2956 saepius
1172 2884 1311 2934 mecum
1336 2857 1553 2959 reputabam,
1581 2861 1715 2936 nnllam

286 2988 370 3037 saue
395 2961 544 3034 inveniri
573 2961 679 3053 totiqs
705 2960 918 3058 antiquitatis
944 2968 1099 3056 partem,
1138 2983 1227 3058 quae
1262 2962 1366 3034 tantis
1390 2971 1531 3059 tamque
1555 2965 1715 3041 innume.
1783 3007 1790 3016 .

115 3070 119 3078 '
245 3141 250 3148 ,
287 3060 455 3137 rabilibus
487 3071 578 3134 esset
602 3057 1088 3152 obstruentifficulutihus,
1131 3083 1276 3158 eamque
1301 3085 1376 3136 esso
1399 3063 1436 3132 in
1465 3063 1541 3159 ipsu
1569 3061 1713 3137 historia

288 3176 363 3237 tum
395 3159 619 3262 Pythagorae
660 3159 804 3260 ejusque
847 3157 1072 3256 discipliuae,
1110 3172 1185 3231 tum
1220 3157 1349 3258 quibus
1391 3161 1533 3236 effectus
1569 3189 1713 3236 suornm

291 3262 485 3338 studiorum
509 3259 716 3359 approbavit
740 3261 917 3334 civitatum
935 3257 1149 3352 Italicarum,
1177 3257 1437 3355 obscuritatem,
1463 3273 1503 3335 ut
1527 3275 1562 3338 et
1586 3262 1715 3340 doctis·
1784 3323 1787 3330 A

289 3365 389 3455 simi,
418 3363 497 3461 quis
521 3361 625 3436 fuerit
647 3383 776 3460 scopus
802 3357 950 3434 sodalitii
973 3357 1222 3458 Pythagorici,
1246 3386 1402 3459 uuquam
1424 3363 1590 3462 explicari
1612 3391 1713 3464 posse
1821 3369 1835 3390 ⁸

290 3465 431 3540 omuino
461 3462 682 3562 negaverint:
722 3473 838 3536 tamen
860 3483 926 3532 uec
948 3456 1080 3552 defeci,
1114 3485 1228 3559 neque
1252 3462 1347 3560 quod
1378 3473 1438 3536 aut
1461 3489 1582 3538 verum
1608 3478 1711 3558 esset,

290 3577 351 3639 aut
378 3561 485 3637 adid
514 3565 800 3662 quamproxime
829 3559 1027 3653 accederet,
1069 3563 1209 3659 assequi
1241 3587 1297 3636 me
1321 3588 1424 3661 posse
1459 3563 1594 3638 diffisus
1618 3589 1709 3638 sum.

290 3665 398 3760 Quod
423 3691 466 3737 er
491 3664 667 3762 proposita
696 3663 896 3763 quaestione
919 3661 1120 3759 cumprimis
1144 3661 1359 3760 postulatam,
1395 3674 1479 3737 ute
1504 3664 1573 3740 fide
1599 3666 1714 3767 drgnrs
1850 3657 1864 3680 ⁴

291 3763 519 3866 scriptoribus
544 3765 718 3838 societatis
747 3763 890 3836 historia
914 3757 1128 3856 illustretur,
1165 3763 1202 3834 in
1226 3759 1295 3838 hoc
1320 3788 1422 3837 omne
1445 3765 1598 3840 studium
1631 3794 1713 3867 ope·
1779 3837 1788 3850 ,

292 3892 436 3966 ramque
460 3867 508 3938 ita
532 3863 731 3963 ponendum
750 3859 848 3957 duxi,
875 3873 914 3935 ut
930 3887 1019 3960 quae
1036 3859 1081 3936 de
1100 3887 1217 3936 rerum
1234 3862 1549 3965 Pythagoricorum
1568 3867 1714 3967 scriptb·

279 3967 391 4042 'ribus
422 3991 612 4065 eorumque
644 3964 714 4040 lide
746 3976 782 4038 et
814 3964 1016 4038 auctoritate
1048 3964 1113 4038 rite
1145 3964 1358 4039 aestimanda
1377 3965 1454 4065 jam
1479 3993 1500 4040 a
1524 3969 1714 4046 Meinersio

290 4070 466 4140 institutae
511 4078 610 4140 erant
642 4065 922 4165 disquisitiones,
963 4062 1151 4138 identidem
1187 4076 1399 4164 repeterem:
1450 4069 1542 4144 Nam
1580 4073 1611 4142 si
1645 4097 1714 4170 qua

290 4181 447 4241 veterum
504 4164 767 4266 hilosophorum
798 4165 942 4239 historia
966 4163 1155 4239 mendaciis
1183 4178 1305 4240 ornata
1336 4168 1449 4242 dicam
1481 4194 1526 4242 au
1558 4183 1711 4265 onerata,

292 4281 385 4344 certe
412 4267 448 4339 P
531 4271 634 4364 gome
668 4280 739 4364 est,
781 4291 886 4367 quam
912 4266 973 4362 qui
1002 4269 1192 4341 recentiore
1226 4272 1427 4366 praesertim
1453 4281 1562 4344 aetate
1592 4276 1714 4370 spissis

289 4369 390 4443 libris
424 4367 707 4463 conscripserunt
744 4365 856 4442 Samii
885 4369 1013 4461 vitam,
1056 4377 1127 4440 tam
1160 4393 1251 4441 nova
1288 4369 1398 4443 forma
1430 4369 1636 4468 induerunt,
1676 4387 1716 4448 ut

293 4470 464 4569 genuinus
493 4467 597 4542 color
628 4493 770 4566 prorsus
804 4467 978 4542 abstersus
1012 4467 1071 4541 sit.
1123 4467 1223 4542 Nihil
1248 4496 1314 4543 uec
1336 4497 1357 4542 a
1382 4468 1604 4572 Pythagora,
1649 4499 1715 4547 nee

295 4595 315 4641 a
340 4569 511 4646 societatis
536 4567 683 4643 alumnis
704 4567 811 4644 literis
842 4567 1026 4663 andrum,
1068 4580 1103 4642 et
1123 4569 1298 4670 ‚quidquid
1318 4571 1387 4644 illis
1408 4571 1590 4666 tribuitur,
1629 4601 1712 4671 sup·
