4428 5306
638 565 644 578 ·
778 571 782 577 ’
899 563 1159 663 -ιι,

322 760 396 834 rico
424 753 542 877 modo
558 755 732 876 enuntiata
761 780 833 876 pro·
859 757 988 876 opertis
1007 763 1051 876 ‘et
1076 751 1232 852 profanis
1255 747 1442 870 incognitis
1474 746 1744 824 abscondendis·
1834 696 1838 701 ·

249 963 252 966 ’
321 855 1288 1054 lidrhidhhssffihhffim‘hedletphfilddhls¹ls¹thdpudlihutdrh
1312 851 1518 1049 2⁰5²ssonAE
1533 850 1745 1038 Edocldhedl

322 1057 378 1140 roi
410 1055 542 1180 σοφζας
565 1053 733 1176 irati,
755 1082 868 1178 neque
893 1057 945 1129 ias
970 1081 1065 1147 esse,
1093 1046 1254 1158 deperiat
1282 1051 1626 1228 paternamque!
1651 1053 1744 1150 ilip-
1788 1101 1793 1120 .

322 1159 454 1259 parcho
482 1187 518 1230 ιιι
549 1157 704 1330 subpetat
736 1156 878 1254 epistola
912 1153 985 1254 (ap.
1021 1155 1157 1228 Jamhl.
1197 1153 1282 1255 §.7

1315 1207 1324 1226 .
1355 1156 1462 1252 Diog.
1491 1154 1610 1226 Lairt.
1633 1153 1742 1228 vlu.

322 1259 361 1360 §-
385 1256 475 1360 42.)
508 1283 616 1356 expro
640 1269 694 1330 rat
715 1258 834 1357 Lysis.
871 1256 1025 1349 >Quodsi
1045 1281 1175 1330 rursus·
1190 1267 1297 1329 totam
1317 1253 1572 1354 philosophiam
1595 1265 1745 1326 contem·
1809 1345 1812 1362 Ι

223 1443 226 1451 Δ
286 1359 480 1458 -ρΙειιιιιι,
516 1358 580 1432 sed
611 1357 707 1433 nulla
739 1359 831 1456 eapti
865 1361 1027 1457 opinione
1056 1369 1309 1457 praeoccupata
1335 1358 1550 1428 —animus
1583 1357 1675 1428 enim
1700 1355 1747 1426 ita

323 1461 466 1533 allectus
496 1471 531 1532 et
561 1471 689 1532 temere
712 1457 878 1556 deceptus
904 1457 1033 1556 ubique
1054 1471 1225 1532 secretum
1251 1456 1336 1555 quid
1359 1467 1554 1553 aucupatur
1574 1481 1616 1528 ac
1638 1455 1745 1553 pessi'·
1887 1457 1890 1463 ’

322 1551 400 1636 mre
421 1571 473 1634 est
490 1557 602 1658 judex
627 1599 699 1652 -,
720 1560 841 1658 negari
862 1559 1002 1658 quidem
1027 1583 1098 1630 non
1122 1568 1257 1656 potest,
1283 1556 1371 1629 nihil
1395 1557 1466 1656 ipsi
1489 1557 1623 1648 inesse,
1652 1541 1747 1652 quod

323 1685 489 1734 arcanum
509 1670 544 1732 et
567 1657 826 1751 occultandum,
849 1659 937 1732 nihil
952 1657 1048 1757 quod
1070 1657 1335 1732 discernendum
1357 1659 1421 1749 sit,
1449 1656 1596 1756 multum
1615 1666 1744 1747 autern,

324 1760 419 1859 quod
451 1759 586 1835 stolidis
617 1769 652 1832 et
681 1757 815 1834 obtusis
847 1759 1047 1832 hominihus
1072 1758 1117 1830 ad
1143 1753 1342 1856 lingendum
1367 1781 1529 1830 amanam
1554 1755 1746 1828 doctrinam

322 1859 520 1959 praebuerit
551 1879 685 1932 ansam
745 1861 832 1932 dam
857 1885 946 1934 uero
962 1859 1087 1936 'multo
1118 1858 1213 1930 aliud
1234 1858 1319 1957 qnid
1348 1855 1588 1931 absconditum
1613 1857 1745 1928 inveni·

322 1987 400 2034 mus
432 1962 469 2030 in
502 1957 739 2058 Pythagorico
771 1959 958 2054 sodalitio,
1004 1959 1097 2032 haud
1131 1958 1415 2033 confundendum
1448 1983 1529 2032 cunr
1561 1960 1628 2032 isto
1641 1955 1747 2077 Lquod
1797 1976 1801 1986 ’

252 2135 260 2143 .
323 2057 514 2158 repulimus
548 2065 696 2153 menno,
747 2060 842 2160 quod
873 2072 1037 2160 tanquam
1062 2085 1236 2134 summum
1255 2062 1464 2158 principium
1489 2084 1570 2130 cum
1591 2057 1744 2155 phdoso·
1870 2153 1873 2158 Ι

321 2159 424 2256 phiae
453 2169 527 2230 tum
555 2161 664 2257 ipsius
696 2163 871 2234 societatis
904 2164 1094 2260 praecipua
1125 2185 1209 2234 cura
1234 2172 1269 2234 et
1304 2160 1421 2236 studio
1449 2159 1668 2234 retinendum
1701 2183 1743 2230 ac

320 2257 608 2332 dissimulandum
640 2271 714 2334 erat
753 2261 1013 2362 Pythagoricis.
1073 2261 1179 2335 Nunc
1218 2261 1356 2334 tandem
1398 2263 1490 2333 viam
1520 2259 1745 2358 patefecimus

323 2357 368 2430 ad
388 2357 629 2456 reperiendum
655 2361 714 2452 id,
753 2362 849 2460 quod
872 2375 943 2434 tum
968 2362 1029 2434 diu
1055 2363 1300 2458 quaesivimus.
1354 2362 1428 2434 Sed
1452 2361 1629 2458 quidfuit
1656 2359 1745 2434 illud

321 2484 496 2532 summum
527 2461 761 2557 principium?
818 2457 1016 2534 Audiamus
1049 2454 1265 2552 Varronem,
1319 2461 1564 2558 gravissimum
1595 2469 1739 2532 testem:

290 2557 469 2650 gt‘Quod
489 2569 603 2630 numm
623 2557 847 2658 Pythagorae
870 2561 1078 2634 mentionem
1095 2557 1224 2651 iecisti,
1253 2557 1337 2632 dicit
1352 2555 1598 2657 Augustinus,
1626 2559 1743 2632 nescio

318 2683 391 2756 quo
424 2657 486 2730 illo
502 2657 635 2757 ,dium
663 2657 784 2732 ordine
819 2659 958 2748 occulto
982 2659 1048 2734 tihi
1079 2661 1116 2731 in
1149 2670 1299 2732 mentem
1328 2661 1464 2734 venno
1495 2657 1638 2732 credo..
1666 2660 1753 2754 Res,

319 2760 412 2830 enim
447 2757 594 2829 multum
623 2761 817 2833 necessaria
851 2759 937 2834 mihi
967 2787 1114 2860 prorsus
1147 2759 1341 2854 exciderat,
1379 2783 1484 2858 quum
1518 2761 1556 2830 in
1581 2758 1642 2832 illo
1667 2760 1743 2832 viro

320 2855 370 2959 (si
395 2857 481 2956 quid
513 2857 621 2931 literis
645 2862 831 2936 memoriae
861 2860 1032 2934 mandatis
1055 2859 1266 2934 credendum
1287 2871 1366 2956 est,
1402 2861 1561 2958 quamvis
1590 2861 1743 2934 Varroni

264 3031 269 3046 ,
318 2960 399 3056 quis
419 2983 491 3031 non
514 2957 672 3060 crcdati)
696 2962 814 3035 mirari
834 2973 869 3039 ct
891 2961 1102 3059 quotidianis
1124 2986 1247 3059 paene,
1265 2971 1305 3032 ut
1329 2962 1413 3053 scis,
1439 2961 1561 3036 efferre
1581 2957 1742 3034 laudibus

317 3057 436 3151 soleo,
488 3055 584 3158 quod
622 3065 811 3158 regendae
850 3065 1079 3160 reipublicae
1121 3065 1473 3156 disciplinatorum
1507 3064 1743 3133 auditoribus·
1853 3081 1857 3088 '

315 3163 488 3232 uilitatem
523 3162 698 3234 tradebat
725 3165 812 3260 jam
847 3167 987 3248 doctis,
1023 3165 1108 3258 jam
1134 3163 1343 3256 perfectis,
1365 3239 1368 3248 ¹
1377 3165 1464 3258 jam
1499 3163 1741 3257 sapientibus,

282 3333 288 3348 ,
313 3263 399 3358 jam
433 3261 561 3344 beatio
611 3261 745 3334 Tantos
769 3261 819 3334 ihi
844 3262 936 3342 enim
960 3259 1089 3336 fluctus
1114 3258 1274 3354 videbat,
1314 3271 1354 3334 ut
1377 3263 1428 3334 eis
1453 3259 1561 3334 nollet
1586 3264 1742 3350 commit·

318 3370 412 3452 tere,
452 3359 519 3430 nisi
548 3359 686 3452 virum,
725 3363 787 3460 qui
811 3372 847 3436 et
869 3363 906 3434 in
932 3361 1085 3462 regendo
1113 3386 1224 3460 paene
1256 3359 1372 3435 divine
1395 3361 1558 3460 scopulos
1584 3365 1739 3452 evitaret,

319 3471 353 3534 ct
396 3460 426 3532 si
456 3460 571 3531 omnia
611 3458 842 3555 deiecissent,
880 3463 955 3560 ipse
987 3461 1056 3534 illis
1089 3459 1254 3535 lluctihus
1283 3463 1383 3560 quasi
1413 3462 1578 3560 scopulus
1609 3461 1739 3536 lieret”

337 3556 462 3634 Cicero
483 3557 528 3632 dc
552 3559 707 3658 Repuhl.
732 3559 776 3656 1,
799 3559 916 3662 29.],
943 3557 1136 3661 Augustin.
1166 3560 1210 3634 de
1234 3559 1361 3634 Ordine
1381 3559 1462 3634 libr.
1484 3563 1536 3634 11.
1565 3587 1644 3660 cap.
1668 3559 1737 3634 20.

236 3651 245 3670 “
346 3657 443 3733 M.
470 3658 526 3733 ed.
552 3660 639 3733 Par.
693 3659 795 3755 Quae
818 3663 959 3762 quidem
985 3661 1092 3735 vcrha
1119 3673 1330 3758 quantopere
1356 3664 1393 3732 in
1420 3661 1649 3734 construenda
1672 3661 1739 3734 hac

344 3762 461 3834 ‘toria
492 3755 593 3834 nohis
617 3761 831 3858 profuerint,
864 3765 924 3836 vix
951 3762 1021 3838 dici
1044 3772 1187 3861 potest,
1210 3763 1412 3858 praesertim
1433 3787 1542 3860 (Ῑιιιιιιι
1565 3773 1740 3836 auctorem

318 3859 491 3956 habeant,
534 3884 637 3959 quem
670 3865 892 3962 incorruptus
923 3865 1101 3938 vetustatis
1131 3860 1243 3961 judex
1274 3861 1515 3936 Romanorum
1550 3863 1738 3936 eruditissi-

281 4055 286 4062 .
316 3973 414 4052 mum
438 3974 473 4035 et
502 3987 619 4036 rerum
645 3959 860 4036 Graecarum
891 3965 1136 4060 peritissimum
1164 3986 1246 4036 vere
1271 3965 1426 4035 nominat
1456 3961 1622 4063 (Quintil.
1646 3964 1736 4036 lnst.

319 4059 421 4134 orat.
450 4061 512 4153 X,
541 4059 588 4156 l,
620 4057 741 4165 95.).'
797 4065 958 4138 Primum
993 4062 1229 4164 quaerendum
1261 4075 1334 4154 est,
1375 4063 1461 4163 quid
1492 4062 1559 4136 sihi
1593 4064 1741 4137 voluerit

279 4209 281 4212 -
318 4160 447 4234 Varro
476 4187 556 4232 curn
593 4161 730 4257 doctis,
780 4163 969 4262 perlectis,
1023 4161 1237 4262 sapientibus
1276 4175 1312 4236 et
1350 4159 1459 4236 beatis
1497 4162 1741 4244 auditorihuri

318 4259 424 4334 Ratio
456 4261 493 4330 in
526 4275 688 4359 promptu
715 4266 827 4363 posita
858 4264 1008 4338 videtin.
1068 4265 1246 4346 Memoria,
1272 4275 1467 4363 repetamus
1491 4263 1602 4336 Tauri
1633 4263 1740 4339 verba

268 4357 273 4364 ’
319 4357 400 4460 (ap.
438 4357 534 4433 Gall.
569 4359 618 4433 N.
651 4359 703 4435 Α.
731 4365 774 4456 Ι,
816 4362 863 4459 9,
905 4363 932 4438 6
965 4376 1000 4439 et
1032 4361 1127 4468 7.),
1180 4363 1308 4464 quihus
1347 4361 1498 4436 dilucide
1539 4391 1739 4463 expressum

318 4471 412 4554 crat,
451 4457 643 4534 studiorum
678 4487 817 4538 cursum
850 4466 1100 4564 discipulorum
1131 4467 1299 4550 metenti,
1319 4464 1572 4562 adscriptorum
1605 4467 1739 4538 initium

319 4562 453 4660 cepisse
489 4586 510 4634 a
546 4559 739 4663 disciplinis
771 4565 1020 4644 mathematicis
1057 4562 1310 4668 (μαθήματα
1321 4561 1363 4668 ),5
1406 4564 1534 4666 quihus
1568 4567 1740 4664 perceptis
