4428 5306
910 563 1172 642 -ror-
1307 539 1311 547 ’

292 749 297 756 ’
326 755 587 831 suecessoribus
610 697 762 830 structas
787 731 864 828 esso
889 747 1062 852 (Aristox.
1090 777 1148 852 ap.
1173 749 1308 826 lambl.
1337 747 1374 852 5.
1392 745 1530 844 Mil),
1561 751 1748 848 scriptores

327 871 442 930 autem
470 861 544 932 sive
572 857 707 930 incuria
737 859 810 930 sive
842 857 980 929 inscitia
1012 851 1182 954 quidquid
1213 852 1360 951 posteris
1392 851 1576 944 acciderit,
1630 851 1667 926 it
1708 856 1746 926 in

325 960 442 1058 ipsam
467 957 691 1056 Pythagorae
713 968 859 1031 aetatem
879 955 1107 1029 transtulisse.
1134 959 1138 966 ’
1696 1013 1702 1026 .

442 1057 635 1132 Historiam
665 1059 815 1133 sodalitii
837 1056 1067 1156 Pythagorici
1103 1066 1287 1154 postquam
1313 1051 1359 1128 ad
1392 1051 1460 1128 hoc
1482 1077 1592 1151 usque
1617 1060 1753 1152 tempus

190 1209 195 1214 -
329 1157 554 1252 deduximus,
595 1157 723 1253 linem,
765 1158 826 1256 qui
854 1159 922 1256 ipsi
952 1155 1130 1248 subesset,
1175 1181 1347 1254 exponere
1375 1157 1489 1230 etsie
1522 1154 1755 1252 expediendae
1812 1233 1817 1244 ,

328 1262 523 1359 quaestioni
549 1258 748 1333 mesfacere
778 1257 985 1331 studuimus.
1038 1255 1140 1350 Quae
1195 1267 1348 1332 raeterea
1371 1255 1415 1331 tle
1446 1257 1593 1354 posteris
1617 1255 1752 1356 Pytha·

330 1361 446 1460 porcis
478 1369 683 1454 narrantur,
724 1359 781 1433 vel
811 1384 887 1434 eam
919 1359 965 1432 ob
1000 1375 1140 1430 eausam
1169 1284 1240 1430 huc
1272 1384 1345 1431 non
1374 1359 1546 1454 pertinere
1576 1366 1751 1454 putamus,

332 1459 508 1556 quotilti
541 1460 640 1533 nullo
672 1485 831 1557 unquam
859 1471 1013 1558 tempore
1047 1458 1244 1558 injustum
1278 1456 1480 1556 disciplinae
1513 1482 1640 1555 corpus
1674 1483 1754 1530 coa·

329 1558 480 1652 lescere,
518 1585 584 1634 nec
609 1559 655 1632 ad
677 1563 835 1635 civitates
855 1559 1025 1659 regendas
1048 1557 1360 1660 gubernandasque
1382 1560 1588 1656 pertinentia
1608 1559 1754 1631 consilia

332 1662 474 1758 exsequi
497 1663 685 1759 potuerint.
738 1659 914 1735 Vixerunt
938 1660 1079 1760 quidem
1098 1671 1218 1759 postea
1240 1657 1421 1750 nonnulli,
1454 1661 1516 1758 qui
1539 1683 1611 1733 non
1641 1659 1755 1734 solnm

329 1785 491 1859 magnam
520 1762 591 1832 vim
624 1763 662 1834 in
698 1759 949 1858 rempublicam
990 1759 1216 1854 exercebant,
1262 1760 1324 1833 sed
1358 1759 1416 1832 vel
1450 1761 1518 1857 ipsi
1555 1769 1751 1860 praeerant,

329 1861 436 1932 veluti
467 1856 646 1959 Arehptas
673 1862 906 1958 Tarentinus,
945 1863 1129 1960 pristinum
1153 1872 1268 1936 umen
1292 1862 1424 1962 gloriae
1453 1861 1750 1962 lastipinmnmr-

331 1985 443 2057 quam
468 1962 617 2033 asseemi
639 1975 734 2035 sant.
1301 1999 1304 2006 .
1580 2051 1583 2058 ¹
1631 1978 1633 1983 ·

443 2060 587 2158 ltaque,
625 2073 665 2133 ut
699 2087 869 2135 summam
902 2073 1040 2138 nostrae
1071 2063 1280 2164 quaestionis
1312 2063 1349 2134 ir'r
1384 2089 1493 2138 unum
1528 2063 1748 2166 colligamus,

329 2163 449 2257 paucis
470 2163 641 2234 societatis
666 2162 922 2266 Pythagoricae
944 2177 1089 2266 seopu'm
1110 2183 1365 2263 proponamus:
1517 2175 1520 2180 “
1613 2173 1616 2182 “

429 2304 741 2408 ,“Societotis
786 2340 965 2432 scopus
1012 2313 1130 2430 ficit
1178 2341 1309 2398 mere
1349 2313 1626 2432 politicae,
1692 2329 1752 2404 ut

375 2502 382 2514 .
444 2425 643 2544 lapsam
681 2425 1010 2543 optimatium
1039 2437 1343 2546 potestatem
1377 2455 1476 2514 non
1506 2427 1654 2515 modo
1693 2424 1751 2515 in

435 2532 723 2656 pristinum
751 2537 1056 2644 restitueret,
1083 2536 1174 2626 Sed
1190 2537 1433 2652 firmaret
1464 2539 1750 2661 amplifica-

444 2660 646 2769 retque,·
691 2679 804 2738 cum
834 2678 1031 2741 summo
1065 2650 1156 2740 boe
1185 2677 1332 2772 scopo
1363 2651 1464 2742 duo
1495 2651 1749 2766 conjuncti

383 2811 397 2868 ;
435 2760 667 2880 fuerunt,
692 2763 901 2852 moralis
916 2765 1058 2872 alter,
1077 2765 1207 2855 alter*
1223 2767 1294 2854 ad
1314 2763 1489 2856 literas
1508 2782 1751 2890 spectans·

444 2871 740 2995 Discipulos
762 2902 878 2984 suos
903 2878 1055 2970 bonos
1078 2877 1363 3003 probosque
1385 2879 1613 2972 homines
1636 2883 1749 2973 red-

446 2985 564 3076 dere
590 2987 1108 3113 voluiththogoraS,
1135 3007 1185 3080 et
1213 3007 1271 3081 ut
1295 2992 1551 3084 civitatem
1582 2996 1749 3086 mode·
1823 3099 1828 3106 ¹

443 3112 613 3188 rantes
629 3115 883 3220 potestate
898 3132 992 3194 Sua
1008 3136 1107 3193 non
1124 3103 1446 3195 abuterentur
1463 3108 1536 3197 ad
1546 3107 1748 3230 plebem

445 3211 846 3346 opprimendam,
870 3231 919 3308 et
934 3234 992 3309 ut
1008 3216 1163 3337 plebs,
1188 3218 1478 3340 intelligens
1495 3223 1604 3312 suis
1620 3254 1749 3312 conr·

446 3326 615 3414 modas
650 3329 864 3436 consuls,
901 3332 1188 3424 conditione
1225 3360 1318 3422 sua
1352 3350 1580 3426 contenta
1609 3351 1746 3427 esset.

344 3469 349 3480 ’
448 3437 698 3569 Octauiam
738 3472 849 3532 vero
881 3443 1065 3537 bonum
1101 3445 1400 3570 sapiensque
1430 3451 1749 3539 moderamen

445 3577 547 3638 nzsz
594 3585 626 3640 a
670 3557 918 3674 prudente
958 3559 1124 3650 literis
1161 3594 1220 3648 ue
1268 3561 1465 3651 exculto
1508 3561 1616 3654 viro
1662 3592 1748 3652 ex·

443 3665 662 3791 spectari
698 3666 836 3776 licet,
871 3591 1233 3808 philosophiae
1269 3673 1502 3764 studium
1530 3703 1746 3766 necessa·

443 3805 582 3866 reum
620 3777 776 3870 duxit
804 3779 1006 3878 Samius
1044 3789 1131 3899 ite,
1168 3786 1260 3910 qui
1295 3789 1367 3880 acl
1395 3788 1620 3883 civitatis
1647 3791 1748 3882 cta-

442 3916 560 3981 vum
583 3895 854 3988 tenendum
876 3927 927 3992 se
956 3903 1304 4028 accingmentt'

853 4243 1234 4272 m
