<?xml version="1.0" encoding="UTF-8"?>
<!DOCTYPE html PUBLIC "-//W3C//DTD XHTML 1.0 Transitional//EN"
    "http://www.w3.org/TR/xhtml1/DTD/xhtml1-transitional.dtd">
<html xmlns="http://www.w3.org/1999/xhtml" xml:lang="en" lang="en">
 <head>
  <title>
</title>
<meta http-equiv="Content-Type" content="text/html;charset=utf-8" />
  <meta name='ocr-system' content='tesseract 3.04.00' />
  <meta name='ocr-capabilities' content='ocr_page ocr_carea ocr_par ocr_line ocrx_word'/>
</head>
<body>
  <div class='ocr_page' id='page_1' title='image "./desocietatisapy00krisgoog_0027.png"; bbox 0 0 4428 5306; ppageno 0'>
   <div class='ocr_carea' id='block_1_1' title="bbox 269 521 1866 814">
    <p class='ocr_par' dir='ltr' id='par_1_1' title="bbox 269 521 1866 814">
     <span class='ocr_line' id='line_1_1' title="bbox 862 521 1116 598; baseline 0 -16"><span class='ocrx_word' id='word_1_1' title='bbox 862 567 913 582; x_wconf 90' lang='lat'><strong>..</strong></span> <span class='ocrx_word' id='word_1_2' title='bbox 964 521 1012 598; x_wconf 69' lang='grc' dir='ltr'>Η</span> <span class='ocrx_word' id='word_1_3' title='bbox 1064 563 1116 582; x_wconf 87' lang='grc'><strong>...</strong></span> 
     </span>
     <span class='ocr_line' id='line_1_2' title="bbox 269 644 1866 814; baseline 0 -24"><span class='ocrx_word' id='word_1_4' title='bbox 269 743 306 814; x_wconf 88' lang='lat' dir='ltr'><strong>p.</strong></span> <span class='ocrx_word' id='word_1_5' title='bbox 332 710 429 790; x_wconf 89' lang='grc'><strong>666.</strong></span> <span class='ocrx_word' id='word_1_6' title='bbox 483 711 609 790; x_wconf 85' lang='lat' dir='ltr'><strong>Cicero</strong></span> <span class='ocrx_word' id='word_1_7' title='bbox 633 735 736 802; x_wconf 79' lang='lat' dir='ltr'><strong>vero,</strong></span> <span class='ocrx_word' id='word_1_8' title='bbox 775 712 805 785; x_wconf 87' lang='lat' dir='ltr'><strong>si</strong></span> <span class='ocrx_word' id='word_1_9' title='bbox 828 689 1046 784; x_wconf 81' lang='lat' dir='ltr'><strong>Graecorum</strong></span> <span class='ocrx_word' id='word_1_10' title='bbox 1067 707 1210 784; x_wconf 86' lang='lat' dir='ltr'><strong>annales</strong></span> <span class='ocrx_word' id='word_1_11' title='bbox 1234 733 1289 784; x_wconf 85' lang='lat' dir='ltr'><strong>res</strong></span> <span class='ocrx_word' id='word_1_12' title='bbox 1315 710 1324 730; x_wconf 83' lang='lat'><strong><em>‘</em></strong></span> <span class='ocrx_word' id='word_1_13' title='bbox 1349 711 1395 804; x_wconf 87' lang='lat' dir='ltr'><strong>&#39;t,</strong></span> <span class='ocrx_word' id='word_1_14' title='bbox 1425 644 1702 811; x_wconf 71' lang='lat' dir='ltr'><strong>Apollodorum,</strong></span> <span class='ocrx_word' id='word_1_15' title='bbox 1863 673 1866 684; x_wconf 30' lang='grc' dir='ltr'>Ι</span> 
     </span>
    </p>
   </div>
   <div class='ocr_carea' id='block_1_2' title="bbox 203 809 1700 1623">
    <p class='ocr_par' dir='ltr' id='par_1_2' title="bbox 203 809 1700 1623">
     <span class='ocr_line' id='line_1_3' title="bbox 269 809 1696 924; baseline 0.002 -36"><span class='ocrx_word' id='word_1_16' title='bbox 269 841 375 913; x_wconf 85' lang='lat' dir='ltr'><strong>quem</strong></span> <span class='ocrx_word' id='word_1_17' title='bbox 400 819 437 888; x_wconf 91' lang='grc'><strong>16</strong></span> <span class='ocrx_word' id='word_1_18' title='bbox 462 841 597 889; x_wconf 88' lang='lat' dir='ltr'><strong>summo</strong></span> <span class='ocrx_word' id='word_1_19' title='bbox 620 812 752 924; x_wconf 72' lang='lat' dir='ltr'><strong>honore</strong></span> <span class='ocrx_word' id='word_1_20' title='bbox 777 809 946 904; x_wconf 87' lang='lat' dir='ltr'><strong>habehat,</strong></span> <span class='ocrx_word' id='word_1_21' title='bbox 981 810 1198 907; x_wconf 85' lang='lat' dir='ltr'><strong>potissimum</strong></span> <span class='ocrx_word' id='word_1_22' title='bbox 1221 813 1273 884; x_wconf 90' lang='lat' dir='ltr'><strong>int</strong></span> <span class='ocrx_word' id='word_1_23' title='bbox 1321 813 1407 911; x_wconf 71' lang='lat' dir='ltr'><strong>git,</strong></span> <span class='ocrx_word' id='word_1_24' title='bbox 1444 816 1492 886; x_wconf 83' lang='lat' dir='ltr'><strong>cf.</strong></span> <span class='ocrx_word' id='word_1_25' title='bbox 1518 817 1564 889; x_wconf 87' lang='lat' dir='ltr'><strong>ad</strong></span> <span class='ocrx_word' id='word_1_26' title='bbox 1582 813 1696 890; x_wconf 80' lang='lat' dir='ltr'><strong>Attio.</strong></span> 
     </span>
     <span class='ocr_line' id='line_1_4' title="bbox 268 912 1695 1011; baseline 0.001 -23"><span class='ocrx_word' id='word_1_27' title='bbox 268 917 369 1009; x_wconf 82' lang='grc' dir='ltr'><strong>ΧΠ,</strong></span> <span class='ocrx_word' id='word_1_28' title='bbox 398 913 467 989; x_wconf 79' lang='grc'><strong>25.</strong></span> <span class='ocrx_word' id='word_1_29' title='bbox 521 915 591 989; x_wconf 83' lang='lat' dir='ltr'><strong>Vel</strong></span> <span class='ocrx_word' id='word_1_30' title='bbox 614 917 666 988; x_wconf 91' lang='lat' dir='ltr'><strong>sic</strong></span> <span class='ocrx_word' id='word_1_31' title='bbox 691 927 806 988; x_wconf 89' lang='lat' dir='ltr'><strong>tamen</strong></span> <span class='ocrx_word' id='word_1_32' title='bbox 831 912 1051 1009; x_wconf 73' lang='lat' dir='ltr'><strong>indiligenter</strong></span> <span class='ocrx_word' id='word_1_33' title='bbox 1081 924 1218 1011; x_wconf 88' lang='lat' dir='ltr'><strong>tempus</strong></span> <span class='ocrx_word' id='word_1_34' title='bbox 1242 923 1399 986; x_wconf 87' lang='lat' dir='ltr'><strong>notatum</strong></span> <span class='ocrx_word' id='word_1_35' title='bbox 1433 915 1518 988; x_wconf 91' lang='lat' dir='ltr'><strong>mihi</strong></span> <span class='ocrx_word' id='word_1_36' title='bbox 1546 918 1695 991; x_wconf 73' lang='lat' dir='ltr'><strong>ridetur.</strong></span> 
     </span>
     <span class='ocr_line' id='line_1_5' title="bbox 269 1008 1694 1114; baseline 0.002 -26"><span class='ocrx_word' id='word_1_37' title='bbox 269 1012 346 1088; x_wconf 76' lang='lat' dir='ltr'><strong>Alii</strong></span> <span class='ocrx_word' id='word_1_38' title='bbox 370 1020 461 1090; x_wconf 89' lang='lat' dir='ltr'><strong>enim</strong></span> <span class='ocrx_word' id='word_1_39' title='bbox 484 1019 691 1114; x_wconf 80' lang='lat' dir='ltr'><strong>scriptores,</strong></span> <span class='ocrx_word' id='word_1_40' title='bbox 726 1028 766 1090; x_wconf 93' lang='lat' dir='ltr'><strong>ut</strong></span> <span class='ocrx_word' id='word_1_41' title='bbox 793 1013 906 1088; x_wconf 79' lang='lat' dir='ltr'><strong>clm.</strong></span> <span class='ocrx_word' id='word_1_42' title='bbox 931 1008 1039 1086; x_wconf 77' lang='lat' dir='ltr'><strong>Alex.</strong></span> <span class='ocrx_word' id='word_1_43' title='bbox 1070 1013 1203 1104; x_wconf 73' lang='lat' dir='ltr'><strong>Suom.</strong></span> <span class='ocrx_word' id='word_1_44' title='bbox 1226 1014 1258 1086; x_wconf 91' lang='grc' dir='ltr'><strong>Ι.</strong></span> <span class='ocrx_word' id='word_1_45' title='bbox 1294 1041 1332 1113; x_wconf 90' lang='lat' dir='ltr'><strong>p.</strong></span> <span class='ocrx_word' id='word_1_46' title='bbox 1348 1011 1446 1087; x_wconf 75' lang='grc'><strong>502.</strong></span> <span class='ocrx_word' id='word_1_47' title='bbox 1474 1016 1694 1091; x_wconf 62' lang='grc'><strong>661552.</strong></span> 
     </span>
     <span class='ocr_line' id='line_1_6' title="bbox 269 1111 1698 1220; baseline 0.001 -31"><span class='ocrx_word' id='word_1_48' title='bbox 269 1111 321 1189; x_wconf 76' lang='grc' dir='ltr'><strong>Α.</strong></span> <span class='ocrx_word' id='word_1_49' title='bbox 376 1116 609 1191; x_wconf 68' lang='grc'><strong>’16116606</strong></span> <span class='ocrx_word' id='word_1_50' title='bbox 640 1142 673 1189; x_wconf 93' lang='lat' dir='ltr'><strong>c.</strong></span> <span class='ocrx_word' id='word_1_51' title='bbox 699 1115 768 1196; x_wconf 86' lang='grc'><strong>61.</strong></span> <span class='ocrx_word' id='word_1_52' title='bbox 806 1112 964 1216; x_wconf 77' lang='grc'><strong>(116661.</strong></span> <span class='ocrx_word' id='word_1_53' title='bbox 993 1115 1124 1211; x_wconf 87' lang='lat' dir='ltr'><strong>Praep.</strong></span> <span class='ocrx_word' id='word_1_54' title='bbox 1152 1115 1223 1187; x_wconf 81' lang='lat' dir='ltr'><strong>Er.</strong></span> <span class='ocrx_word' id='word_1_55' title='bbox 1245 1116 1297 1188; x_wconf 85' lang='lat' dir='ltr'><strong>X.</strong></span> <span class='ocrx_word' id='word_1_56' title='bbox 1326 1141 1363 1213; x_wconf 88' lang='lat' dir='ltr'><strong>p.</strong></span> <span class='ocrx_word' id='word_1_57' title='bbox 1388 1114 1473 1188; x_wconf 85' lang='grc'><strong>196</strong></span> <span class='ocrx_word' id='word_1_58' title='bbox 1498 1115 1587 1220; x_wconf 86' lang='lat' dir='ltr'><strong>B.),</strong></span> <span class='ocrx_word' id='word_1_59' title='bbox 1627 1119 1698 1218; x_wconf 76' lang='lat' dir='ltr'><strong>Gy-</strong></span> 
     </span>
     <span class='ocr_line' id='line_1_7' title="bbox 269 1212 1699 1324; baseline 0.001 -34"><span class='ocrx_word' id='word_1_60' title='bbox 269 1219 341 1290; x_wconf 88' lang='lat' dir='ltr'><strong>rill.</strong></span> <span class='ocrx_word' id='word_1_61' title='bbox 367 1219 407 1290; x_wconf 88' lang='grc'><strong>16</strong></span> <span class='ocrx_word' id='word_1_62' title='bbox 428 1219 565 1291; x_wconf 76' lang='lat' dir='ltr'><strong>Julian.</strong></span> <span class='ocrx_word' id='word_1_63' title='bbox 595 1215 724 1318; x_wconf 78' lang='lat' dir='ltr'><strong>Apost.</strong></span> <span class='ocrx_word' id='word_1_64' title='bbox 753 1217 785 1289; x_wconf 91' lang='lat'><strong>1.</strong></span> <span class='ocrx_word' id='word_1_65' title='bbox 820 1243 857 1316; x_wconf 91' lang='lat' dir='ltr'><strong>p.</strong></span> <span class='ocrx_word' id='word_1_66' title='bbox 887 1212 938 1287; x_wconf 76' lang='lat'><strong>13</strong></span> <span class='ocrx_word' id='word_1_67' title='bbox 963 1212 1014 1288; x_wconf 82' lang='grc' dir='ltr'><strong>Α.</strong></span> <span class='ocrx_word' id='word_1_68' title='bbox 1052 1214 1182 1316; x_wconf 79' lang='lat' dir='ltr'><strong>(Tom.</strong></span> <span class='ocrx_word' id='word_1_69' title='bbox 1210 1217 1259 1289; x_wconf 83' lang='lat' dir='ltr'><strong>V.</strong></span> <span class='ocrx_word' id='word_1_70' title='bbox 1285 1215 1342 1290; x_wconf 91' lang='lat' dir='ltr'><strong>ed.</strong></span> <span class='ocrx_word' id='word_1_71' title='bbox 1366 1214 1508 1324; x_wconf 75' lang='lat' dir='ltr'><strong>Aah),</strong></span> <span class='ocrx_word' id='word_1_72' title='bbox 1545 1221 1607 1318; x_wconf 85' lang='lat' dir='ltr'><strong>qui</strong></span> <span class='ocrx_word' id='word_1_73' title='bbox 1631 1219 1699 1293; x_wconf 90' lang='lat' dir='ltr'><strong>hoc</strong></span> 
     </span>
     <span class='ocr_line' id='line_1_8' title="bbox 269 1319 1700 1416; baseline 0.001 -24"><span class='ocrx_word' id='word_1_74' title='bbox 269 1319 347 1392; x_wconf 92' lang='lat' dir='ltr'><strong>loco</strong></span> <span class='ocrx_word' id='word_1_75' title='bbox 376 1322 635 1394; x_wconf 86' lang='lat' dir='ltr'><strong>accuratissime</strong></span> <span class='ocrx_word' id='word_1_76' title='bbox 668 1320 841 1393; x_wconf 88' lang='lat' dir='ltr'><strong>clarorum</strong></span> <span class='ocrx_word' id='word_1_77' title='bbox 865 1319 1019 1390; x_wconf 84' lang='lat' dir='ltr'><strong>virorum</strong></span> <span class='ocrx_word' id='word_1_78' title='bbox 1044 1323 1170 1392; x_wconf 87' lang='lat' dir='ltr'><strong>aetates</strong></span> <span class='ocrx_word' id='word_1_79' title='bbox 1197 1319 1393 1411; x_wconf 89' lang='lat' dir='ltr'><strong>constituit,</strong></span> <span class='ocrx_word' id='word_1_80' title='bbox 1429 1321 1587 1416; x_wconf 78' lang='lat' dir='ltr'><strong>inprimis</strong></span> <span class='ocrx_word' id='word_1_81' title='bbox 1616 1345 1700 1394; x_wconf 79' lang='lat' dir='ltr'><strong>aero</strong></span> 
     </span>
     <span class='ocr_line' id='line_1_9' title="bbox 203 1413 1696 1519; baseline 0.001 -27"><span class='ocrx_word' id='word_1_82' title='bbox 203 1419 208 1426; x_wconf 86' lang='grc'><strong>’</strong></span> <span class='ocrx_word' id='word_1_83' title='bbox 269 1419 402 1494; x_wconf 80' lang='lat' dir='ltr'><strong>linseb.</strong></span> <span class='ocrx_word' id='word_1_84' title='bbox 432 1420 567 1501; x_wconf 88' lang='lat' dir='ltr'><strong>Chron.</strong></span> <span class='ocrx_word' id='word_1_85' title='bbox 593 1417 699 1494; x_wconf 77' lang='lat' dir='ltr'><strong>Arm.</strong></span> <span class='ocrx_word' id='word_1_86' title='bbox 729 1421 835 1493; x_wconf 83' lang='lat' dir='ltr'><strong>Tum.</strong></span> <span class='ocrx_word' id='word_1_87' title='bbox 858 1418 911 1490; x_wconf 91' lang='lat'><strong>11.</strong></span> <span class='ocrx_word' id='word_1_88' title='bbox 938 1445 976 1517; x_wconf 88' lang='lat' dir='ltr'><strong>p.</strong></span> <span class='ocrx_word' id='word_1_89' title='bbox 995 1415 1089 1493; x_wconf 84' lang='grc'><strong>201.</strong></span> <span class='ocrx_word' id='word_1_90' title='bbox 1117 1419 1173 1492; x_wconf 88' lang='grc'><strong>61.</strong></span> <span class='ocrx_word' id='word_1_91' title='bbox 1193 1413 1354 1490; x_wconf 75' lang='grc'><strong>166166.</strong></span> <span class='ocrx_word' id='word_1_92' title='bbox 1384 1417 1543 1519; x_wconf 85' lang='lat' dir='ltr'><strong>(Chron.</strong></span> <span class='ocrx_word' id='word_1_93' title='bbox 1564 1421 1696 1495; x_wconf 90' lang='lat' dir='ltr'><strong>Pasch.</strong></span> 
     </span>
     <span class='ocr_line' id='line_1_10' title="bbox 271 1517 1697 1623; baseline 0.003 -32"><span class='ocrx_word' id='word_1_94' title='bbox 271 1518 346 1592; x_wconf 76' lang='lat' dir='ltr'><strong>titt</strong></span> <span class='ocrx_word' id='word_1_95' title='bbox 374 1517 467 1623; x_wconf 74' lang='grc'><strong>1.),</strong></span> <span class='ocrx_word' id='word_1_96' title='bbox 496 1525 600 1620; x_wconf 74' lang='lat' dir='ltr'><strong>quem</strong></span> <span class='ocrx_word' id='word_1_97' title='bbox 628 1532 781 1614; x_wconf 88' lang='lat' dir='ltr'><strong>constat,</strong></span> <span class='ocrx_word' id='word_1_98' title='bbox 805 1520 993 1619; x_wconf 91' lang='lat' dir='ltr'><strong>plurimum</strong></span> <span class='ocrx_word' id='word_1_99' title='bbox 1015 1522 1052 1592; x_wconf 92' lang='lat' dir='ltr'><strong>in</strong></span> <span class='ocrx_word' id='word_1_100' title='bbox 1075 1519 1278 1594; x_wconf 88' lang='lat' dir='ltr'><strong>deliniendis</strong></span> <span class='ocrx_word' id='word_1_101' title='bbox 1301 1517 1595 1618; x_wconf 85' lang='lat' dir='ltr'><strong>philosophorum·</strong></span> <span class='ocrx_word' id='word_1_102' title='bbox 1612 1533 1697 1595; x_wconf 90' lang='lat' dir='ltr'><strong>tem-</strong></span> 
     </span>
    </p>
   </div>
   <div class='ocr_carea' id='block_1_3' title="bbox 269 1619 1810 1722">
    <p class='ocr_par' dir='ltr' id='par_1_3' title="bbox 269 1619 1810 1722">
     <span class='ocr_line' id='line_1_11' title="bbox 269 1619 1810 1722; baseline 0.001 -29"><span class='ocrx_word' id='word_1_103' title='bbox 269 1621 413 1722; x_wconf 85' lang='lat' dir='ltr'><strong>poribus</strong></span> <span class='ocrx_word' id='word_1_104' title='bbox 438 1647 482 1694; x_wconf 85' lang='lat' dir='ltr'><strong>ex</strong></span> <span class='ocrx_word' id='word_1_105' title='bbox 506 1620 716 1721; x_wconf 79' lang='lat' dir='ltr'><strong>Apollodori</strong></span> <span class='ocrx_word' id='word_1_106' title='bbox 738 1621 923 1696; x_wconf 86' lang='lat' dir='ltr'><strong>Chronicie</strong></span> <span class='ocrx_word' id='word_1_107' title='bbox 945 1622 1128 1714; x_wconf 77' lang='lat' dir='ltr'><strong>sumsisse,</strong></span> <span class='ocrx_word' id='word_1_108' title='bbox 1158 1621 1195 1693; x_wconf 91' lang='lat' dir='ltr'><strong>bi</strong></span> <span class='ocrx_word' id='word_1_109' title='bbox 1221 1645 1340 1694; x_wconf 87' lang='lat' dir='ltr'><strong>omncs</strong></span> <span class='ocrx_word' id='word_1_110' title='bbox 1365 1620 1539 1714; x_wconf 74' lang='lat' dir='ltr'><strong>referunt,</strong></span> <span class='ocrx_word' id='word_1_111' title='bbox 1562 1623 1696 1722; x_wconf 85' lang='lat' dir='ltr'><strong>Pytha-</strong></span> <span class='ocrx_word' id='word_1_112' title='bbox 1802 1619 1810 1630; x_wconf 72' lang='grc'><strong>“</strong></span> 
     </span>
    </p>
   </div>
   <div class='ocr_carea' id='block_1_4' title="bbox 181 1721 1772 3430">
    <p class='ocr_par' dir='ltr' id='par_1_4' title="bbox 181 1721 1772 3430">
     <span class='ocr_line' id='line_1_12' title="bbox 270 1721 1751 1822; baseline -0.003 -28"><span class='ocrx_word' id='word_1_113' title='bbox 270 1747 390 1822; x_wconf 80' lang='lat' dir='ltr'><strong>goram</strong></span> <span class='ocrx_word' id='word_1_114' title='bbox 416 1721 478 1796; x_wconf 88' lang='grc'><strong>01.</strong></span> <span class='ocrx_word' id='word_1_115' title='bbox 496 1724 624 1806; x_wconf 82' lang='lat' dir='ltr'><strong>LXII.</strong></span> <span class='ocrx_word' id='word_1_116' title='bbox 653 1724 824 1816; x_wconf 87' lang='lat' dir='ltr'><strong>llornissc,</strong></span> <span class='ocrx_word' id='word_1_117' title='bbox 852 1748 923 1812; x_wconf 84' lang='lat' dir='ltr'><strong>non</strong></span> <span class='ocrx_word' id='word_1_118' title='bbox 948 1721 1150 1818; x_wconf 74' lang='lat' dir='ltr'><strong>advenisse,</strong></span> <span class='ocrx_word' id='word_1_119' title='bbox 1177 1721 1334 1820; x_wconf 69' lang='grc'><strong>666166</strong></span> <span class='ocrx_word' id='word_1_120' title='bbox 1353 1721 1695 1822; x_wconf 58' lang='grc' dir='ltr'><strong>666661666616μ-</strong></span> <span class='ocrx_word' id='word_1_121' title='bbox 1749 1781 1751 1789; x_wconf 92' lang='lat'><strong>.</strong></span> 
     </span>
     <span class='ocr_line' id='line_1_13' title="bbox 269 1821 1696 1922; baseline 0.001 -27"><span class='ocrx_word' id='word_1_122' title='bbox 269 1849 347 1895; x_wconf 89' lang='lat' dir='ltr'><strong>rum</strong></span> <span class='ocrx_word' id='word_1_123' title='bbox 373 1823 667 1921; x_wconf 84' lang='lat' dir='ltr'><strong>interpretandum</strong></span> <span class='ocrx_word' id='word_1_124' title='bbox 689 1834 753 1898; x_wconf 85' lang='lat' dir='ltr'><strong>est.</strong></span> <span class='ocrx_word' id='word_1_125' title='bbox 807 1821 1000 1896; x_wconf 78' lang='lat' dir='ltr'><strong>Annalium</strong></span> <span class='ocrx_word' id='word_1_126' title='bbox 1026 1826 1118 1895; x_wconf 90' lang='lat' dir='ltr'><strong>enim</strong></span> <span class='ocrx_word' id='word_1_127' title='bbox 1144 1825 1351 1922; x_wconf 79' lang='lat' dir='ltr'><strong>scripturae,</strong></span> <span class='ocrx_word' id='word_1_128' title='bbox 1388 1823 1596 1922; x_wconf 74' lang='lat' dir='ltr'><strong>sitcmpus,</strong></span> <span class='ocrx_word' id='word_1_129' title='bbox 1625 1849 1696 1922; x_wconf 89' lang='lat' dir='ltr'><strong>quo</strong></span> 
     </span>
     <span class='ocr_line' id='line_1_14' title="bbox 270 1921 1700 2022; baseline 0.001 -26"><span class='ocrx_word' id='word_1_130' title='bbox 270 1923 466 2022; x_wconf 82' lang='lat' dir='ltr'><strong>philosophi</strong></span> <span class='ocrx_word' id='word_1_131' title='bbox 489 1923 682 2018; x_wconf 86' lang='lat' dir='ltr'><strong>floruerint,</strong></span> <span class='ocrx_word' id='word_1_132' title='bbox 718 1923 900 2015; x_wconf 88' lang='lat' dir='ltr'><strong>deliniunt,</strong></span> <span class='ocrx_word' id='word_1_133' title='bbox 925 1921 1054 2022; x_wconf 86' lang='lat' dir='ltr'><strong>ubique</strong></span> <span class='ocrx_word' id='word_1_134' title='bbox 1076 1923 1149 1997; x_wconf 86' lang='lat' dir='ltr'><strong>iere</strong></span> <span class='ocrx_word' id='word_1_135' title='bbox 1170 1923 1257 1996; x_wconf 92' lang='lat' dir='ltr'><strong>illud</strong></span> <span class='ocrx_word' id='word_1_136' title='bbox 1273 1933 1497 2017; x_wconf 88' lang='lat' dir='ltr'><strong>momentum,</strong></span> <span class='ocrx_word' id='word_1_137' title='bbox 1521 1935 1700 2022; x_wconf 89' lang='lat' dir='ltr'><strong>tamquam</strong></span> 
     </span>
     <span class='ocr_line' id='line_1_15' title="bbox 268 2023 1692 2125; baseline 0.001 -29"><span class='ocrx_word' id='word_1_138' title='bbox 268 2027 532 2122; x_wconf 82' lang='lat' dir='ltr'><strong>gravissimum,</strong></span> <span class='ocrx_word' id='word_1_139' title='bbox 567 2026 713 2125; x_wconf 77' lang='lat' dir='ltr'><strong>seligere</strong></span> <span class='ocrx_word' id='word_1_140' title='bbox 738 2025 872 2116; x_wconf 86' lang='lat' dir='ltr'><strong>solent,</strong></span> <span class='ocrx_word' id='word_1_141' title='bbox 904 2049 975 2122; x_wconf 89' lang='lat' dir='ltr'><strong>quo</strong></span> <span class='ocrx_word' id='word_1_142' title='bbox 997 2025 1205 2124; x_wconf 76' lang='lat' dir='ltr'><strong>evulgarunt</strong></span> <span class='ocrx_word' id='word_1_143' title='bbox 1228 2023 1281 2096; x_wconf 93' lang='lat' dir='ltr'><strong>illi</strong></span> <span class='ocrx_word' id='word_1_144' title='bbox 1306 2023 1566 2098; x_wconf 86' lang='lat' dir='ltr'><strong>celeberrimum</strong></span> <span class='ocrx_word' id='word_1_145' title='bbox 1592 2052 1692 2123; x_wconf 88' lang='lat' dir='ltr'><strong>opus.</strong></span> 
     </span>
     <span class='ocr_line' id='line_1_16' title="bbox 269 2124 1696 2226; baseline 0.002 -27"><span class='ocrx_word' id='word_1_146' title='bbox 269 2125 444 2199; x_wconf 83' lang='lat' dir='ltr'><strong>Constans</strong></span> <span class='ocrx_word' id='word_1_147' title='bbox 469 2138 584 2198; x_wconf 87' lang='lat' dir='ltr'><strong>autem</strong></span> <span class='ocrx_word' id='word_1_148' title='bbox 606 2137 658 2200; x_wconf 87' lang='lat' dir='ltr'><strong>eat</strong></span> <span class='ocrx_word' id='word_1_149' title='bbox 678 2125 747 2198; x_wconf 89' lang='lat' dir='ltr'><strong>lide</strong></span> <span class='ocrx_word' id='word_1_150' title='bbox 768 2126 1049 2225; x_wconf 79' lang='lat' dir='ltr'><strong>dignissimorum</strong></span> <span class='ocrx_word' id='word_1_151' title='bbox 1071 2136 1252 2198; x_wconf 87' lang='lat' dir='ltr'><strong>anctorum</strong></span> <span class='ocrx_word' id='word_1_152' title='bbox 1275 2149 1485 2217; x_wconf 88' lang='lat' dir='ltr'><strong>consensus,</strong></span> <span class='ocrx_word' id='word_1_153' title='bbox 1515 2124 1696 2226; x_wconf 83' lang='lat' dir='ltr'><strong>Pythago·</strong></span> 
     </span>
     <span class='ocr_line' id='line_1_17' title="bbox 268 2223 1695 2326; baseline 0.003 -30"><span class='ocrx_word' id='word_1_154' title='bbox 268 2251 343 2297; x_wconf 90' lang='lat' dir='ltr'><strong>ram</strong></span> <span class='ocrx_word' id='word_1_155' title='bbox 368 2225 456 2298; x_wconf 88' lang='lat' dir='ltr'><strong>nihil</strong></span> <span class='ocrx_word' id='word_1_156' title='bbox 481 2229 601 2326; x_wconf 84' lang='lat' dir='ltr'><strong>scripti</strong></span> <span class='ocrx_word' id='word_1_157' title='bbox 622 2229 806 2301; x_wconf 90' lang='lat' dir='ltr'><strong>memoriae</strong></span> <span class='ocrx_word' id='word_1_158' title='bbox 828 2225 1034 2325; x_wconf 83' lang='lat' dir='ltr'><strong>prodidisse.</strong></span> <span class='ocrx_word' id='word_1_159' title='bbox 1088 2223 1150 2300; x_wconf 78' lang='lat' dir='ltr'><strong>Ad</strong></span> <span class='ocrx_word' id='word_1_160' title='bbox 1177 2249 1363 2324; x_wconf 77' lang='lat' dir='ltr'><strong>quamnam</strong></span> <span class='ocrx_word' id='word_1_161' title='bbox 1383 2227 1489 2325; x_wconf 87' lang='lat' dir='ltr'><strong>igitur</strong></span> <span class='ocrx_word' id='word_1_162' title='bbox 1507 2230 1695 2326; x_wconf 65' lang='grc'><strong>61166666-</strong></span> 
     </span>
     <span class='ocr_line' id='line_1_18' title="bbox 268 2323 1695 2429; baseline 0.002 -31"><span class='ocrx_word' id='word_1_163' title='bbox 268 2337 337 2398; x_wconf 89' lang='lat' dir='ltr'><strong>tem</strong></span> <span class='ocrx_word' id='word_1_164' title='bbox 362 2327 643 2424; x_wconf 90' lang='lat' dir='ltr'><strong>gloriosissimam</strong></span> <span class='ocrx_word' id='word_1_165' title='bbox 669 2327 758 2400; x_wconf 89' lang='lat' dir='ltr'><strong>illud</strong></span> <span class='ocrx_word' id='word_1_166' title='bbox 784 2323 949 2428; x_wconf 63' lang='grc' dir='ltr'><strong>ἀκμάζει</strong></span> <span class='ocrx_word' id='word_1_167' title='bbox 974 2329 1048 2401; x_wconf 86' lang='lat' dir='ltr'><strong>sive</strong></span> <span class='ocrx_word' id='word_1_168' title='bbox 1073 2323 1293 2429; x_wconf 70' lang='grc' dir='ltr'><em>ἑγνωρίζετο</em></span> <span class='ocrx_word' id='word_1_169' title='bbox 1317 2326 1593 2399; x_wconf 73' lang='lat' dir='ltr'><strong>manslercndum</strong></span> <span class='ocrx_word' id='word_1_170' title='bbox 1619 2330 1695 2401; x_wconf 79' lang='lat' dir='ltr'><strong>esti</strong></span> 
     </span>
     <span class='ocr_line' id='line_1_19' title="bbox 267 2425 1695 2525; baseline 0.001 -27"><span class='ocrx_word' id='word_1_171' title='bbox 267 2429 407 2500; x_wconf 86' lang='lat' dir='ltr'><strong>nonnisi</strong></span> <span class='ocrx_word' id='word_1_172' title='bbox 427 2426 473 2500; x_wconf 92' lang='lat' dir='ltr'><strong>ad</strong></span> <span class='ocrx_word' id='word_1_173' title='bbox 491 2453 589 2519; x_wconf 91' lang='lat' dir='ltr'><strong>cam,</strong></span> <span class='ocrx_word' id='word_1_174' title='bbox 626 2453 696 2525; x_wconf 86' lang='lat' dir='ltr'><strong>qua</strong></span> <span class='ocrx_word' id='word_1_175' title='bbox 722 2427 876 2500; x_wconf 75' lang='lat' dir='ltr'><strong>condidit</strong></span> <span class='ocrx_word' id='word_1_176' title='bbox 900 2429 1096 2498; x_wconf 87' lang='lat' dir='ltr'><strong>societatem</strong></span> <span class='ocrx_word' id='word_1_177' title='bbox 1121 2425 1397 2522; x_wconf 78' lang='lat' dir='ltr'><strong>inseparabilem.</strong></span> <span class='ocrx_word' id='word_1_178' title='bbox 1453 2425 1527 2498; x_wconf 85' lang='lat' dir='ltr'><strong>Sed</strong></span> <span class='ocrx_word' id='word_1_179' title='bbox 1551 2452 1616 2497; x_wconf 89' lang='lat' dir='ltr'><strong>nec</strong></span> <span class='ocrx_word' id='word_1_180' title='bbox 1640 2427 1695 2499; x_wconf 82' lang='lat' dir='ltr'><strong>his</strong></span> 
     </span>
     <span class='ocr_line' id='line_1_20' title="bbox 181 2522 1696 2623; baseline -0.001 -21"><span class='ocrx_word' id='word_1_181' title='bbox 181 2537 186 2548; x_wconf 83' lang='lat'>&#39;</span> <span class='ocrx_word' id='word_1_182' title='bbox 269 2531 420 2602; x_wconf 81' lang='lat' dir='ltr'><strong>contenti</strong></span> <span class='ocrx_word' id='word_1_183' title='bbox 452 2554 587 2599; x_wconf 91' lang='lat' dir='ltr'><strong>sumus.</strong></span> <span class='ocrx_word' id='word_1_184' title='bbox 651 2527 780 2598; x_wconf 84' lang='lat' dir='ltr'><strong>Postea</strong></span> <span class='ocrx_word' id='word_1_185' title='bbox 813 2522 1139 2621; x_wconf 78' lang='lat' dir='ltr'><strong>comprobabimus,</strong></span> <span class='ocrx_word' id='word_1_186' title='bbox 1185 2523 1423 2623; x_wconf 86' lang='lat' dir='ltr'><strong>Pythagoram</strong></span> <span class='ocrx_word' id='word_1_187' title='bbox 1458 2523 1696 2600; x_wconf 82' lang='lat' dir='ltr'><strong>advenientem</strong></span> 
     </span>
     <span class='ocr_line' id='line_1_21' title="bbox 267 2623 1696 2724; baseline 0.002 -26"><span class='ocrx_word' id='word_1_188' title='bbox 267 2627 344 2700; x_wconf 88' lang='lat' dir='ltr'><strong>aliis</strong></span> <span class='ocrx_word' id='word_1_189' title='bbox 364 2627 468 2698; x_wconf 86' lang='lat' dir='ltr'><strong>rebus</strong></span> <span class='ocrx_word' id='word_1_190' title='bbox 493 2635 699 2724; x_wconf 88' lang='lat' dir='ltr'><strong>occupatum</strong></span> <span class='ocrx_word' id='word_1_191' title='bbox 720 2624 848 2716; x_wconf 82' lang='lat' dir='ltr'><strong>luisse,</strong></span> <span class='ocrx_word' id='word_1_192' title='bbox 881 2637 916 2696; x_wconf 91' lang='lat' dir='ltr'><strong>et</strong></span> <span class='ocrx_word' id='word_1_193' title='bbox 936 2623 1083 2696; x_wconf 79' lang='lat' dir='ltr'><strong>sodalitii</strong></span> <span class='ocrx_word' id='word_1_194' title='bbox 1107 2624 1300 2698; x_wconf 86' lang='lat' dir='ltr'><strong>instruendi</strong></span> <span class='ocrx_word' id='word_1_195' title='bbox 1323 2623 1503 2696; x_wconf 87' lang='lat' dir='ltr'><strong>consilium</strong></span> <span class='ocrx_word' id='word_1_196' title='bbox 1520 2625 1696 2722; x_wconf 89' lang='lat' dir='ltr'><strong>aliquanto</strong></span> 
     </span>
     <span class='ocr_line' id='line_1_22' title="bbox 265 2721 1690 2826; baseline 0 -27"><span class='ocrx_word' id='word_1_197' title='bbox 265 2737 345 2826; x_wconf 85' lang='lat' dir='ltr'><strong>post</strong></span> <span class='ocrx_word' id='word_1_198' title='bbox 374 2737 573 2799; x_wconf 86' lang='lat' dir='ltr'><strong>exsecutum</strong></span> <span class='ocrx_word' id='word_1_199' title='bbox 606 2751 694 2800; x_wconf 89' lang='lat' dir='ltr'><strong>esse.</strong></span> <span class='ocrx_word' id='word_1_200' title='bbox 764 2724 942 2817; x_wconf 79' lang='lat' dir='ltr'><strong>Quocirca</strong></span> <span class='ocrx_word' id='word_1_201' title='bbox 971 2749 1051 2797; x_wconf 90' lang='lat' dir='ltr'><strong>eum</strong></span> <span class='ocrx_word' id='word_1_202' title='bbox 1081 2734 1160 2797; x_wconf 91' lang='lat' dir='ltr'><strong>ante</strong></span> <span class='ocrx_word' id='word_1_203' title='bbox 1189 2723 1251 2798; x_wconf 90' lang='grc'><strong>01.</strong></span> <span class='ocrx_word' id='word_1_204' title='bbox 1276 2721 1402 2796; x_wconf 81' lang='lat' dir='ltr'><strong>LXII.</strong></span> <span class='ocrx_word' id='word_1_205' title='bbox 1440 2725 1577 2798; x_wconf 80' lang='lat' dir='ltr'><strong>circiter</strong></span> <span class='ocrx_word' id='word_1_206' title='bbox 1603 2727 1690 2799; x_wconf 82' lang='lat' dir='ltr'><strong>Lx.</strong></span> 
     </span>
     <span class='ocr_line' id='line_1_23' title="bbox 267 2823 1691 2926; baseline 0.003 -28"><span class='ocrx_word' id='word_1_207' title='bbox 267 2830 304 2898; x_wconf 93' lang='lat' dir='ltr'><strong>in</strong></span> <span class='ocrx_word' id='word_1_208' title='bbox 329 2827 466 2900; x_wconf 84' lang='lat' dir='ltr'><strong>Italiam</strong></span> <span class='ocrx_word' id='word_1_209' title='bbox 501 2827 636 2900; x_wconf 75' lang='lat' dir='ltr'><strong>uenisse</strong></span> <span class='ocrx_word' id='word_1_210' title='bbox 664 2837 761 2924; x_wconf 88' lang='lat' dir='ltr'><strong>puto.</strong></span> <span class='ocrx_word' id='word_1_211' title='bbox 827 2827 1039 2926; x_wconf 84' lang='lat' dir='ltr'><strong>Priusquam</strong></span> <span class='ocrx_word' id='word_1_212' title='bbox 1074 2851 1156 2900; x_wconf 86' lang='lat' dir='ltr'><strong>vcro</strong></span> <span class='ocrx_word' id='word_1_213' title='bbox 1181 2827 1218 2896; x_wconf 91' lang='lat' dir='ltr'><strong>in</strong></span> <span class='ocrx_word' id='word_1_214' title='bbox 1251 2823 1344 2898; x_wconf 91' lang='lat' dir='ltr'><strong>hanc</strong></span> <span class='ocrx_word' id='word_1_215' title='bbox 1375 2834 1503 2898; x_wconf 86' lang='lat' dir='ltr'><strong>terram</strong></span> <span class='ocrx_word' id='word_1_216' title='bbox 1534 2827 1691 2919; x_wconf 73' lang='lat' dir='ltr'><strong>inheret,</strong></span> 
     </span>
     <span class='ocr_line' id='line_1_24' title="bbox 267 2921 1772 3029; baseline 0.003 -29"><span class='ocrx_word' id='word_1_217' title='bbox 267 2929 303 3000; x_wconf 90' lang='grc'><strong>16</strong></span> <span class='ocrx_word' id='word_1_218' title='bbox 325 2927 438 3000; x_wconf 86' lang='lat' dir='ltr'><strong>insula</strong></span> <span class='ocrx_word' id='word_1_219' title='bbox 461 2925 554 2998; x_wconf 90' lang='lat' dir='ltr'><strong>Delo</strong></span> <span class='ocrx_word' id='word_1_220' title='bbox 576 2926 670 3025; x_wconf 88' lang='lat' dir='ltr'><strong>apud</strong></span> <span class='ocrx_word' id='word_1_221' title='bbox 700 2936 934 3026; x_wconf 74' lang='lat' dir='ltr'><strong>aegrotantem</strong></span> <span class='ocrx_word' id='word_1_222' title='bbox 959 2926 1201 3025; x_wconf 79' lang='lat' dir='ltr'><strong>Pherecydem</strong></span> <span class='ocrx_word' id='word_1_223' title='bbox 1234 2921 1381 3029; x_wconf 77' lang='grc' dir='ltr'>(χρόνον</span> <span class='ocrx_word' id='word_1_224' title='bbox 1407 2921 1553 3016; x_wconf 77' lang='grc' dir='ltr'>ἱκανόν,</span> <span class='ocrx_word' id='word_1_225' title='bbox 1582 2928 1691 3004; x_wconf 88' lang='lat' dir='ltr'><strong>Diod.</strong></span> <span class='ocrx_word' id='word_1_226' title='bbox 1766 3007 1772 3020; x_wconf 67' lang='grc'><strong>,</strong></span> 
     </span>
     <span class='ocr_line' id='line_1_25' title="bbox 268 3024 1767 3129; baseline 0 -27"><span class='ocrx_word' id='word_1_227' title='bbox 268 3029 359 3102; x_wconf 78' lang='lat' dir='ltr'><strong>Duc.</strong></span> <span class='ocrx_word' id='word_1_228' title='bbox 386 3027 469 3101; x_wconf 83' lang='lat' dir='ltr'><strong>Val.</strong></span> <span class='ocrx_word' id='word_1_229' title='bbox 508 3051 546 3124; x_wconf 90' lang='lat' dir='ltr'><strong>p.</strong></span> <span class='ocrx_word' id='word_1_230' title='bbox 563 3024 680 3129; x_wconf 79' lang='grc'><strong>661.)</strong></span> <span class='ocrx_word' id='word_1_231' title='bbox 713 3027 839 3120; x_wconf 77' lang='lat' dir='ltr'><strong>finisse,</strong></span> <span class='ocrx_word' id='word_1_232' title='bbox 878 3030 1110 3102; x_wconf 85' lang='lat' dir='ltr'><strong>accuratiores</strong></span> <span class='ocrx_word' id='word_1_233' title='bbox 1139 3029 1347 3124; x_wconf 84' lang='lat' dir='ltr'><strong>scriptores,</strong></span> <span class='ocrx_word' id='word_1_234' title='bbox 1389 3027 1628 3126; x_wconf 81' lang='lat' dir='ltr'><strong>Dicaearchus</strong></span> <span class='ocrx_word' id='word_1_235' title='bbox 1660 3042 1695 3102; x_wconf 89' lang='lat' dir='ltr'><strong>et</strong></span> <span class='ocrx_word' id='word_1_236' title='bbox 1764 3025 1767 3032; x_wconf 67' lang='grc'><strong>’</strong></span> 
     </span>
     <span class='ocr_line' id='line_1_26' title="bbox 244 3124 1689 3228; baseline -0.001 -27"><span class='ocrx_word' id='word_1_237' title='bbox 244 3131 358 3202; x_wconf 66' lang='lat' dir='ltr'><strong>sicut</strong></span> <span class='ocrx_word' id='word_1_238' title='bbox 390 3127 527 3200; x_wconf 77' lang='lat' dir='ltr'><strong>videtur</strong></span> <span class='ocrx_word' id='word_1_239' title='bbox 554 3124 788 3201; x_wconf 67' lang='grc'><strong>1661616666</strong></span> <span class='ocrx_word' id='word_1_240' title='bbox 810 3125 845 3228; x_wconf 83' lang='lat'><strong>²)</strong></span> <span class='ocrx_word' id='word_1_241' title='bbox 880 3129 1052 3200; x_wconf 87' lang='lat' dir='ltr'><strong>nuntiant.</strong></span> <span class='ocrx_word' id='word_1_242' title='bbox 1081 3127 1154 3199; x_wconf 88' lang='lat' dir='ltr'><strong>vid.</strong></span> <span class='ocrx_word' id='word_1_243' title='bbox 1182 3125 1391 3201; x_wconf 85' lang='lat' dir='ltr'><strong>Dicaearch.</strong></span> <span class='ocrx_word' id='word_1_244' title='bbox 1425 3151 1483 3225; x_wconf 91' lang='lat' dir='ltr'><strong>ap.</strong></span> <span class='ocrx_word' id='word_1_245' title='bbox 1511 3128 1689 3228; x_wconf 87' lang='lat' dir='ltr'><strong>Porphyr.</strong></span> 
     </span>
     <span class='ocr_line' id='line_1_27' title="bbox 296 3223 1690 3332; baseline 0.001 -32"><span class='ocrx_word' id='word_1_246' title='bbox 296 3226 398 3302; x_wconf 79' lang='grc'><strong>,66</strong></span> <span class='ocrx_word' id='word_1_247' title='bbox 441 3223 601 3301; x_wconf 77' lang='lat' dir='ltr'><strong>Aristox.</strong></span> <span class='ocrx_word' id='word_1_248' title='bbox 639 3254 697 3327; x_wconf 91' lang='lat' dir='ltr'><strong>ap.</strong></span> <span class='ocrx_word' id='word_1_249' title='bbox 731 3227 866 3301; x_wconf 75' lang='lat' dir='ltr'><strong>dambl.</strong></span> <span class='ocrx_word' id='word_1_250' title='bbox 905 3227 942 3330; x_wconf 68' lang='lat' dir='ltr'><strong>S.</strong></span> <span class='ocrx_word' id='word_1_251' title='bbox 966 3225 1062 3300; x_wconf 87' lang='grc'><strong>216.</strong></span> <span class='ocrx_word' id='word_1_252' title='bbox 1102 3227 1170 3303; x_wconf 75' lang='grc'><strong>,01.</strong></span> <span class='ocrx_word' id='word_1_253' title='bbox 1200 3224 1429 3332; x_wconf 78' lang='lat' dir='ltr'><strong>Apollopium</strong></span> <span class='ocrx_word' id='word_1_254' title='bbox 1463 3253 1522 3325; x_wconf 87' lang='lat' dir='ltr'><strong>ap.</strong></span> <span class='ocrx_word' id='word_1_255' title='bbox 1555 3229 1690 3302; x_wconf 79' lang='lat' dir='ltr'><strong>Jambl.</strong></span> 
     </span>
     <span class='ocr_line' id='line_1_28' title="bbox 297 3326 1692 3430; baseline 0.001 -29"><span class='ocrx_word' id='word_1_256' title='bbox 297 3327 393 3402; x_wconf 78' lang='lat'><strong>.55.</strong></span> <span class='ocrx_word' id='word_1_257' title='bbox 448 3326 624 3420; x_wconf 81' lang='lat' dir='ltr'><strong>Quocirca</strong></span> <span class='ocrx_word' id='word_1_258' title='bbox 651 3330 809 3430; x_wconf 87' lang='lat' dir='ltr'><strong>cogimur</strong></span> <span class='ocrx_word' id='word_1_259' title='bbox 833 3329 925 3402; x_wconf 89' lang='lat' dir='ltr'><strong>banc</strong></span> <span class='ocrx_word' id='word_1_260' title='bbox 952 3330 1253 3402; x_wconf 87' lang='lat' dir='ltr'><strong>commorationem</strong></span> <span class='ocrx_word' id='word_1_261' title='bbox 1279 3332 1316 3401; x_wconf 91' lang='lat' dir='ltr'><strong>in</strong></span> <span class='ocrx_word' id='word_1_262' title='bbox 1334 3327 1400 3404; x_wconf 84' lang='lat'><strong>01.</strong></span> <span class='ocrx_word' id='word_1_263' title='bbox 1415 3327 1522 3402; x_wconf 85' lang='lat' dir='ltr'><strong>LIX.</strong></span> <span class='ocrx_word' id='word_1_264' title='bbox 1549 3355 1692 3428; x_wconf 76' lang='lat' dir='ltr'><strong>ponem,</strong></span> 
     </span>
    </p>
   </div>
   <div class='ocr_carea' id='block_1_5' title="bbox 269 3415 1696 3630">
    <p class='ocr_par' dir='ltr' id='par_1_5' title="bbox 269 3415 1696 3630">
     <span class='ocr_line' id='line_1_29' title="bbox 270 3415 1696 3531; baseline -0.002 -25"><span class='ocrx_word' id='word_1_265' title='bbox 270 3430 477 3529; x_wconf 84' lang='lat' dir='ltr'><strong>quod&#39;bene</strong></span> <span class='ocrx_word' id='word_1_266' title='bbox 514 3434 690 3531; x_wconf 87' lang='lat' dir='ltr'><strong>conspirat</strong></span> <span class='ocrx_word' id='word_1_267' title='bbox 720 3455 800 3502; x_wconf 92' lang='lat' dir='ltr'><strong>cum</strong></span> <span class='ocrx_word' id='word_1_268' title='bbox 830 3429 896 3522; x_wconf 88' lang='lat' dir='ltr'><strong>iis,</strong></span> <span class='ocrx_word' id='word_1_269' title='bbox 938 3455 1027 3526; x_wconf 88' lang='lat' dir='ltr'><strong>quae</strong></span> <span class='ocrx_word' id='word_1_270' title='bbox 1063 3415 1106 3502; x_wconf 95' lang='grc'><strong>16</strong></span> <span class='ocrx_word' id='word_1_271' title='bbox 1129 3415 1345 3529; x_wconf 80' lang='lat' dir='ltr'><strong>Pherecydis</strong></span> <span class='ocrx_word' id='word_1_272' title='bbox 1377 3439 1488 3503; x_wconf 89' lang='lat' dir='ltr'><strong>morte</strong></span> <span class='ocrx_word' id='word_1_273' title='bbox 1519 3431 1696 3530; x_wconf 82' lang='lat' dir='ltr'><strong>explorata</strong></span> 
     </span>
     <span class='ocr_line' id='line_1_30' title="bbox 269 3526 1695 3630; baseline 0.001 -26"><span class='ocrx_word' id='word_1_274' title='bbox 269 3531 457 3621; x_wconf 89' lang='lat' dir='ltr'><strong>babemus,</strong></span> <span class='ocrx_word' id='word_1_275' title='bbox 492 3529 564 3602; x_wconf 89' lang='lat' dir='ltr'><strong>vid.</strong></span> <span class='ocrx_word' id='word_1_276' title='bbox 592 3529 766 3606; x_wconf 84' lang='lat' dir='ltr'><strong>Dodwell.</strong></span> <span class='ocrx_word' id='word_1_277' title='bbox 793 3532 836 3605; x_wconf 89' lang='grc'><strong>16</strong></span> <span class='ocrx_word' id='word_1_278' title='bbox 859 3529 992 3630; x_wconf 86' lang='lat' dir='ltr'><strong>Cyclis.</strong></span> <span class='ocrx_word' id='word_1_279' title='bbox 1020 3531 1118 3604; x_wconf 86' lang='lat' dir='ltr'><strong>Dias.</strong></span> <span class='ocrx_word' id='word_1_280' title='bbox 1142 3530 1215 3602; x_wconf 90' lang='lat'><strong>111.</strong></span> <span class='ocrx_word' id='word_1_281' title='bbox 1252 3555 1333 3630; x_wconf 90' lang='lat' dir='ltr'><strong>pag.</strong></span> <span class='ocrx_word' id='word_1_282' title='bbox 1358 3526 1449 3603; x_wconf 87' lang='grc'><strong>111.</strong></span> <span class='ocrx_word' id='word_1_283' title='bbox 1477 3528 1628 3630; x_wconf 83' lang='lat' dir='ltr'><strong>Deutlej.</strong></span> <span class='ocrx_word' id='word_1_284' title='bbox 1652 3531 1695 3607; x_wconf 87' lang='lat' dir='ltr'><strong>de</strong></span> 
     </span>
    </p>
   </div>
   <div class='ocr_carea' id='block_1_6' title="bbox 271 3629 1696 3928">
    <p class='ocr_par' dir='ltr' id='par_1_6' title="bbox 271 3629 1696 3928">
     <span class='ocr_line' id='line_1_31' title="bbox 272 3629 1386 3732; baseline -0.003 -26"><span class='ocrx_word' id='word_1_285' title='bbox 272 3646 337 3708; x_wconf 85' lang='lat' dir='ltr'><strong>aet.</strong></span> <span class='ocrx_word' id='word_1_286' title='bbox 365 3631 476 3730; x_wconf 82' lang='lat' dir='ltr'><strong>Pyth.</strong></span> <span class='ocrx_word' id='word_1_287' title='bbox 511 3657 548 3730; x_wconf 89' lang='lat' dir='ltr'><strong>p·</strong></span> <span class='ocrx_word' id='word_1_288' title='bbox 575 3629 643 3714; x_wconf 74' lang='lat'><strong>52.</strong></span> <span class='ocrx_word' id='word_1_289' title='bbox 669 3633 794 3706; x_wconf 80' lang='lat' dir='ltr'><strong>&#39;Lenm</strong></span> <span class='ocrx_word' id='word_1_290' title='bbox 822 3643 857 3732; x_wconf 87' lang='lat' dir='ltr'><strong>ct</strong></span> <span class='ocrx_word' id='word_1_291' title='bbox 878 3633 994 3706; x_wconf 81' lang='lat' dir='ltr'><strong>Stura.</strong></span> <span class='ocrx_word' id='word_1_292' title='bbox 1018 3631 1064 3706; x_wconf 83' lang='lat' dir='ltr'><strong>tr.</strong></span> <span class='ocrx_word' id='word_1_293' title='bbox 1092 3630 1165 3705; x_wconf 90' lang='lat' dir='ltr'><strong>Ph.</strong></span> <span class='ocrx_word' id='word_1_294' title='bbox 1191 3658 1239 3729; x_wconf 86' lang='lat' dir='ltr'><strong>p.</strong></span> <span class='ocrx_word' id='word_1_295' title='bbox 1267 3630 1305 3704; x_wconf 88' lang='grc'><strong>7.</strong></span> <span class='ocrx_word' id='word_1_296' title='bbox 1335 3669 1386 3686; x_wconf 89' lang='grc'>-</span> 
     </span>
     <span class='ocr_line' id='line_1_32' title="bbox 385 3731 1696 3834; baseline 0.002 -28"><span class='ocrx_word' id='word_1_297' title='bbox 385 3734 577 3829; x_wconf 86' lang='lat' dir='ltr'><strong>Postquam</strong></span> <span class='ocrx_word' id='word_1_298' title='bbox 603 3733 825 3834; x_wconf 69' lang='lat' dir='ltr'><strong>Pythagorae</strong></span> <span class='ocrx_word' id='word_1_299' title='bbox 849 3735 974 3825; x_wconf 69' lang='lat' dir='ltr'><strong>dmm,</strong></span> <span class='ocrx_word' id='word_1_300' title='bbox 1016 3731 1240 3830; x_wconf 82' lang='lat' dir='ltr'><strong>quambrevi</strong></span> <span class='ocrx_word' id='word_1_301' title='bbox 1264 3732 1383 3825; x_wconf 81' lang='lat' dir='ltr'><strong>benit,</strong></span> <span class='ocrx_word' id='word_1_302' title='bbox 1418 3732 1600 3830; x_wconf 85' lang='lat' dir='ltr'><strong>usquead</strong></span> <span class='ocrx_word' id='word_1_303' title='bbox 1628 3731 1696 3809; x_wconf 90' lang='lat' dir='ltr'><strong>hoc</strong></span> 
     </span>
     <span class='ocr_line' id='line_1_33' title="bbox 271 3831 1696 3928; baseline 0.001 -22"><span class='ocrx_word' id='word_1_304' title='bbox 271 3836 596 3908; x_wconf 87' lang='lat' dir='ltr'><strong>memoratissimum</strong></span> <span class='ocrx_word' id='word_1_305' title='bbox 621 3845 832 3909; x_wconf 88' lang='lat' dir='ltr'><strong>momentum</strong></span> <span class='ocrx_word' id='word_1_306' title='bbox 857 3832 1085 3928; x_wconf 83' lang='lat' dir='ltr'><strong>deduximus,</strong></span> <span class='ocrx_word' id='word_1_307' title='bbox 1129 3833 1188 3906; x_wconf 90' lang='lat' dir='ltr'><strong>bic</strong></span> <span class='ocrx_word' id='word_1_308' title='bbox 1217 3831 1476 3908; x_wconf 87' lang='lat' dir='ltr'><strong>subsistendum</strong></span> <span class='ocrx_word' id='word_1_309' title='bbox 1502 3847 1567 3908; x_wconf 87' lang='lat' dir='ltr'><strong>est.</strong></span> <span class='ocrx_word' id='word_1_310' title='bbox 1621 3835 1696 3908; x_wconf 93' lang='lat' dir='ltr'><strong>Do·</strong></span> 
     </span>
    </p>
   </div>
   <div class='ocr_carea' id='block_1_7' title="bbox 203 3991 1702 4654">
    <p class='ocr_par' dir='ltr' id='par_1_7' title="bbox 203 3991 1702 4654">
     <span class='ocr_line' id='line_1_34' title="bbox 317 3991 1696 4083; baseline 0.002 -24"><span class='ocrx_word' id='word_1_311' title='bbox 317 3993 357 4078; x_wconf 88' lang='lat'><strong>1)</strong></span> <span class='ocrx_word' id='word_1_312' title='bbox 378 3991 498 4060; x_wconf 85' lang='lat' dir='ltr'><strong>Narrat</strong></span> <span class='ocrx_word' id='word_1_313' title='bbox 525 3991 609 4060; x_wconf 88' lang='lat' dir='ltr'><strong>enim</strong></span> <span class='ocrx_word' id='word_1_314' title='bbox 632 3991 716 4060; x_wconf 87' lang='lat' dir='ltr'><strong>laud</strong></span> <span class='ocrx_word' id='word_1_315' title='bbox 738 3991 812 4059; x_wconf 91' lang='lat' dir='ltr'><strong>loco</strong></span> <span class='ocrx_word' id='word_1_316' title='bbox 833 3991 1019 4073; x_wconf 73' lang='grc'><strong>1616111616,</strong></span> <span class='ocrx_word' id='word_1_317' title='bbox 1041 3993 1173 4060; x_wconf 82' lang='lat' dir='ltr'><strong>absente</strong></span> <span class='ocrx_word' id='word_1_318' title='bbox 1195 3991 1387 4083; x_wconf 78' lang='lat' dir='ltr'><strong>Pythagora</strong></span> <span class='ocrx_word' id='word_1_319' title='bbox 1407 3991 1535 4060; x_wconf 84' lang='lat' dir='ltr'><strong>insidias</strong></span> <span class='ocrx_word' id='word_1_320' title='bbox 1559 4003 1696 4062; x_wconf 84' lang='lat' dir='ltr'><strong>structas</strong></span> 
     </span>
     <span class='ocr_line' id='line_1_35' title="bbox 203 4076 1698 4178; baseline 0.001 -36"><span class='ocrx_word' id='word_1_321' title='bbox 203 4093 206 4098; x_wconf 88' lang='grc'><strong><em>·</em></strong></span> <span class='ocrx_word' id='word_1_322' title='bbox 381 4099 452 4144; x_wconf 86' lang='lat' dir='ltr'><strong>ease</strong></span> <span class='ocrx_word' id='word_1_323' title='bbox 472 4077 716 4178; x_wconf 82' lang='lat' dir='ltr'><strong>Pythagoricis,</strong></span> <span class='ocrx_word' id='word_1_324' title='bbox 751 4098 834 4168; x_wconf 87' lang='lat' dir='ltr'><strong>quae</strong></span> <span class='ocrx_word' id='word_1_325' title='bbox 863 4088 970 4144; x_wconf 89' lang='lat' dir='ltr'><strong>antem</strong></span> <span class='ocrx_word' id='word_1_326' title='bbox 999 4088 1067 4144; x_wconf 90' lang='lat' dir='ltr'><strong>tum</strong></span> <span class='ocrx_word' id='word_1_327' title='bbox 1096 4077 1194 4145; x_wconf 84' lang='lat' dir='ltr'><strong>inerit</strong></span> <span class='ocrx_word' id='word_1_328' title='bbox 1222 4077 1292 4168; x_wconf 86' lang='lat' dir='ltr'><strong>ejus</strong></span> <span class='ocrx_word' id='word_1_329' title='bbox 1317 4077 1553 4167; x_wconf 74' lang='lat' dir='ltr'><strong>peregrinatio,</strong></span> <span class='ocrx_word' id='word_1_330' title='bbox 1588 4076 1630 4144; x_wconf 91' lang='grc'><strong>16</strong></span> <span class='ocrx_word' id='word_1_331' title='bbox 1658 4101 1698 4158; x_wconf 78' lang='lat' dir='ltr'><strong>eo</strong></span> 
     </span>
     <span class='ocr_line' id='line_1_36' title="bbox 384 4160 1699 4254; baseline 0.002 -27"><span class='ocrx_word' id='word_1_332' title='bbox 384 4160 551 4230; x_wconf 76' lang='lat' dir='ltr'><strong>dissentire</strong></span> <span class='ocrx_word' id='word_1_333' title='bbox 591 4165 785 4253; x_wconf 83' lang='lat' dir='ltr'><strong>scriptores,</strong></span> <span class='ocrx_word' id='word_1_334' title='bbox 832 4161 1065 4232; x_wconf 86' lang='lat' dir='ltr'><strong>Nicomachum</strong></span> <span class='ocrx_word' id='word_1_335' title='bbox 1104 4161 1147 4228; x_wconf 88' lang='lat' dir='ltr'><strong>ad</strong></span> <span class='ocrx_word' id='word_1_336' title='bbox 1183 4162 1441 4254; x_wconf 85' lang='lat' dir='ltr'><strong>Pherecydem,¹</strong></span> <span class='ocrx_word' id='word_1_337' title='bbox 1477 4161 1699 4230; x_wconf 81' lang='lat' dir='ltr'><strong>Aristoxenum</strong></span> 
     </span>
     <span class='ocr_line' id='line_1_37' title="bbox 382 4245 1699 4338; baseline 0 -24"><span class='ocrx_word' id='word_1_338' title='bbox 382 4257 495 4314; x_wconf 85' lang='lat' dir='ltr'><strong>contm</strong></span> <span class='ocrx_word' id='word_1_339' title='bbox 522 4247 742 4338; x_wconf 87' lang='lat' dir='ltr'><strong>Metapontum</strong></span> <span class='ocrx_word' id='word_1_340' title='bbox 771 4247 952 4337; x_wconf 87' lang='lat' dir='ltr'><strong>prolectam</strong></span> <span class='ocrx_word' id='word_1_341' title='bbox 981 4269 1054 4314; x_wconf 84' lang='lat' dir='ltr'><strong>esse</strong></span> <span class='ocrx_word' id='word_1_342' title='bbox 1083 4245 1288 4314; x_wconf 85' lang='lat' dir='ltr'><strong>contendere.</strong></span> <span class='ocrx_word' id='word_1_343' title='bbox 1339 4245 1529 4314; x_wconf 80' lang='lat' dir='ltr'><strong>Nicomachi</strong></span> <span class='ocrx_word' id='word_1_344' title='bbox 1559 4249 1699 4316; x_wconf 77' lang='lat' dir='ltr'><strong>namatio</strong></span> 
     </span>
     <span class='ocr_line' id='line_1_38' title="bbox 379 4329 1701 4422; baseline 0.002 -25"><span class='ocrx_word' id='word_1_345' title='bbox 379 4330 422 4398; x_wconf 90' lang='grc'><strong>16</strong></span> <span class='ocrx_word' id='word_1_346' title='bbox 444 4331 545 4398; x_wconf 86' lang='lat' dir='ltr'><strong>morbi</strong></span> <span class='ocrx_word' id='word_1_347' title='bbox 566 4335 741 4422; x_wconf 83' lang='lat' dir='ltr'><strong>mortisque</strong></span> <span class='ocrx_word' id='word_1_348' title='bbox 792 4353 890 4400; x_wconf 85' lang='lat' dir='ltr'><strong>encre</strong></span> <span class='ocrx_word' id='word_1_349' title='bbox 908 4333 1039 4400; x_wconf 87' lang='lat' dir='ltr'><strong>Phercc</strong></span> <span class='ocrx_word' id='word_1_350' title='bbox 1060 4329 1109 4402; x_wconf 86' lang='lat' dir='ltr'><strong>dis</strong></span> <span class='ocrx_word' id='word_1_351' title='bbox 1132 4331 1324 4412; x_wconf 85' lang='lat' dir='ltr'><strong>lutilissima,</strong></span> <span class='ocrx_word' id='word_1_352' title='bbox 1354 4331 1484 4419; x_wconf 86' lang='lat' dir='ltr'><strong>fideque</strong></span> <span class='ocrx_word' id='word_1_353' title='bbox 1504 4333 1632 4399; x_wconf 88' lang='lat' dir='ltr'><strong>omnino</strong></span> <span class='ocrx_word' id='word_1_354' title='bbox 1654 4334 1701 4399; x_wconf 89' lang='lat' dir='ltr'><strong>in-</strong></span> 
     </span>
     <span class='ocr_line' id='line_1_39' title="bbox 382 4355 1702 4509; baseline 0.002 -27"><span class='ocrx_word' id='word_1_355' title='bbox 382 4417 483 4504; x_wconf 84' lang='lat' dir='ltr'><strong>digna</strong></span> <span class='ocrx_word' id='word_1_356' title='bbox 505 4425 563 4482; x_wconf 86' lang='lat' dir='ltr'><strong>cst</strong></span> <span class='ocrx_word' id='word_1_357' title='bbox 607 4418 740 4503; x_wconf 83' lang='lat' dir='ltr'><strong>(lambi.</strong></span> <span class='ocrx_word' id='word_1_358' title='bbox 765 4355 883 4509; x_wconf 54' lang='lat'><strong>§.252</strong></span> <span class='ocrx_word' id='word_1_359' title='bbox 908 4419 980 4484; x_wconf 79' lang='lat'><strong>184.</strong></span> <span class='ocrx_word' id='word_1_360' title='bbox 1011 4357 1178 4484; x_wconf 77' lang='grc'><strong>618666.</strong></span> <span class='ocrx_word' id='word_1_361' title='bbox 1202 4416 1317 4504; x_wconf 76' lang='lat' dir='ltr'><strong>fragm.</strong></span> <span class='ocrx_word' id='word_1_362' title='bbox 1339 4415 1521 4506; x_wconf 87' lang='lat' dir='ltr'><strong>Pherecyd.</strong></span> <span class='ocrx_word' id='word_1_363' title='bbox 1548 4440 1580 4506; x_wconf 91' lang='lat' dir='ltr'><strong>p.</strong></span> <span class='ocrx_word' id='word_1_364' title='bbox 1595 4419 1645 4484; x_wconf 76' lang='lat'><strong>17.</strong></span> <span class='ocrx_word' id='word_1_365' title='bbox 1669 4427 1702 4484; x_wconf 89' lang='lat' dir='ltr'><strong>et</strong></span> 
     </span>
     <span class='ocr_line' id='line_1_40' title="bbox 381 4499 1701 4654; baseline -0.002 -87"><span class='ocrx_word' id='word_1_366' title='bbox 381 4499 563 4587; x_wconf 81' lang='lat' dir='ltr'><strong>Zinserlrng</strong></span> <span class='ocrx_word' id='word_1_367' title='bbox 585 4501 1001 4604; x_wconf 60' lang='lat' dir='ltr'><strong>Iffytlmgoras-Apollcn</strong></span> <span class='ocrx_word' id='word_1_368' title='bbox 1024 4524 1054 4590; x_wconf 93' lang='lat' dir='ltr'><strong>p.</strong></span> <span class='ocrx_word' id='word_1_369' title='bbox 1067 4504 1110 4568; x_wconf 79' lang='lat' dir='ltr'><strong>ot</strong></span> <span class='ocrx_word' id='word_1_370' title='bbox 1126 4523 1212 4654; x_wconf 48' lang='lat' dir='ltr'><strong>scorp.</strong></span> <span class='ocrx_word' id='word_1_371' title='bbox 1237 4502 1290 4595; x_wconf 89' lang='lat' dir='ltr'><strong>qui</strong></span> <span class='ocrx_word' id='word_1_372' title='bbox 1312 4501 1397 4566; x_wconf 88' lang='lat' dir='ltr'><strong>bene</strong></span> <span class='ocrx_word' id='word_1_373' title='bbox 1417 4499 1482 4568; x_wconf 92' lang='lat' dir='ltr'><strong>boc</strong></span> <span class='ocrx_word' id='word_1_374' title='bbox 1498 4500 1701 4582; x_wconf 80' lang='lat' dir='ltr'><strong>enucleavit).</strong></span> 
     </span>
    </p>
   </div>
   <div class='ocr_carea' id='block_1_8' title="bbox 384 4567 1967 4697">
    <p class='ocr_par' dir='ltr' id='par_1_8' title="bbox 384 4567 1967 4697">
     <span class='ocr_line' id='line_1_41' title="bbox 384 4567 1967 4697; baseline 0.002 -45"><span class='ocrx_word' id='word_1_375' title='bbox 384 4587 589 4680; x_wconf 73' lang='lat' dir='ltr'><strong>Aristoxenus</strong></span> <span class='ocrx_word' id='word_1_376' title='bbox 602 4587 701 4674; x_wconf 75' lang='lat' dir='ltr'><strong>agitur</strong></span> <span class='ocrx_word' id='word_1_377' title='bbox 715 4608 778 4653; x_wconf 83' lang='lat' dir='ltr'><strong>aon</strong></span> <span class='ocrx_word' id='word_1_378' title='bbox 793 4585 1153 4676; x_wconf 87' lang='lat' dir='ltr'><strong>apndecrccydcm‚s</strong></span> <span class='ocrx_word' id='word_1_379' title='bbox 1206 4585 1383 4697; x_wconf 82' lang='lat' dir='ltr'><strong>Metaponti</strong></span> <span class='ocrx_word' id='word_1_380' title='bbox 1398 4601 1472 4654; x_wconf 88' lang='lat' dir='ltr'><strong>eum</strong></span> <span class='ocrx_word' id='word_1_381' title='bbox 1487 4585 1587 4694; x_wconf 77' lang='lat' dir='ltr'><strong>inisse</strong></span> <span class='ocrx_word' id='word_1_382' title='bbox 1599 4583 1704 4654; x_wconf 83' lang='lat' dir='ltr'><strong>tradit.</strong></span> <span class='ocrx_word' id='word_1_383' title='bbox 1851 4616 1856 4625; x_wconf 86' lang='lat'><em>·</em></span> <span class='ocrx_word' id='word_1_384' title='bbox 1962 4567 1967 4586; x_wconf 79' lang='lat'><strong>.</strong></span> 
     </span>
    </p>
   </div>
   <div class='ocr_carea' id='block_1_9' title="bbox 1249 4667 1276 4745">
    <p class='ocr_par' dir='ltr' id='par_1_9' title="bbox 1249 4667 1276 4745">
     <span class='ocr_line' id='line_1_42' title="bbox 1249 4667 1276 4745; baseline 0 0"><span class='ocrx_word' id='word_1_385' title='bbox 1249 4667 1276 4745; x_wconf 88' lang='grc'><strong>2</strong></span> 
     </span>
    </p>
   </div>
   <div class='ocr_carea' id='block_1_10' title="bbox 0 0 2218 5306">
    <p class='ocr_par' dir='ltr' id='par_1_10' title="bbox 0 0 2218 5306">
     <span class='ocr_line' id='line_1_43' title="bbox 0 0 2218 5306; baseline 0 0"><span class='ocrx_word' id='word_1_386' title='bbox 0 0 2218 5306; x_wconf 95' lang='lat' dir='ltr'><strong> </strong></span> 
     </span>
    </p>
   </div>
  </div>
 </body>
</html>
