4438 5292
1054 600 1106 616 ..
1158 495 1313 634 72...-

438 815 442 824 .
476 727 575 858 qoasi
596 751 681 824 llatu
704 747 861 822 accensis
888 771 942 820 res
968 745 1102 819 futuras
1122 747 1380 843 praesentiunt,
1411 743 1606 824 Alexandr.
1632 777 1690 850 ap.
1715 753 1764 826 Di
1815 757 1895 832 .L.·

477 859 593 947 yut,
625 850 693 925 52.
738 851 890 924 llomo.
915 850 1021 948 igitur
1050 858 1191 944 praeter.
1212 847 1354 922 modum
1380 851 1523 924 allectas
1560 861 1665 952 atque
1684 844 1755 928 'illo
1805 860 1897 932 ‘vim

476 963 594 1034 surore
615 954 766 1054 percitus
787 950 963 1024 daemonis
982 961 1141 1022 naturam
1162 951 1278 1039 sentit,
1304 975 1372 1048 qua
1385 977 1464 1024 non
1483 951 1596 1026 solnm
1615 954 1759 1028 deornm
1778 983 1894 1052 voees,

478 1061 541 1134 sed
568 1059 670 1130 etiam
688 1053 888 1145 hominum,
912 1077 1001 1149 quae
1028 1059 1156 1122 uocant
1183 1052 1297 1124 omina
1319 1049 1490 1126 observat.
1544 1056 1646 1128 llaec
1673 1045 1912 1160 est-*genuina⁴
1948 1099 1954 1104 ·
2022 1061 2026 1068 '

475 1162 616 1236 Italicae
636 1152 873 1253 philosophiae
892 1156 1009 1224 innata
1031 1151 1216 1242 (humatio,
1242 1153 1299 1222 cui
1319 1177 1481 1252 magnam
1508 1159 1744 1231 anctoritatem
1767 1157 1895 1234 tribua-

475 1275 558 1336 runt
586 1255 807 1356 Pythagoras
836 1253 986 1352 ejusque·
1007 1277 1242 1327 successores.
1278 1250 1337 1326 Cf.
1370 1253 1448 1328 Cia.
1482 1254 1525 1327 de
1557 1257 1716 1330 Divinat.
1740 1260 1781 1351 l,
1807 1258 1835 1331 5
1862 1247 1912 1334 ct¹

476 1362 545 1436 46.
608 1357 697 1430 lndc
722 1355 926 1451 explicanda
953 1365 1036 1428 sunt
1061 1353 1192 1444 Samii,
1228 1354 1289 1448 qui
1316 1357 1389 1451 ipse
1414 1381 1526 1453 augur
1549 1383 1625 1430 esse
1646 1359 1774 1451 voluit,
1812 1371 1911 1448 teste,

477 1466 647 1540 Cicerone
684 1458 744 1552 (de
764 1457 921 1528 Diuinat.
934 1455 976 1548 Ι,
1000 1451 1080 1549 5.),
1112 1455 1297 1547 vaticinia,
1333 1459 1610 1553 asuperstitiosa
1633 1471 1748 1532 mmen
1775 1484 1911 1552 recens

477 1569 603 1640 tiorum
621 1563 830 1658 scriptorum
850 1568 958 1630 aetate
978 1559 1015 1628 iu
1032 1558 1237 1628 immensum
1255 1569 1377 1650 aucta,
1408 1556 1534 1656 qrdhus
1554 1561 1694 1633 omnino
1713 1559 1818 1636 fidem
1833 1561 1894 1636 alt·

477 1690 601 1767 rogare
624 1658 867 1732 dillicillimum
891 1669 943 1731 est
970 1657 1077 1730 lactu.
1889 1729 1897 1738 ,

432 1803 438 1808 -
592 1763 761 1859 Exposita
794 1757 862 1832 hac
899 1759 1007 1832 altera
1034 1756 1152 1832 multis
1186 1756 1363 1832 obstructa
1400 1761 1684 1858 difficultatibus,
1728 1775 1896 1862 quantum

478 1867 695 1968 proauiam
723 1862 885 1933 tenuitate
911 1859 986 1931 lieri
1013 1862 1125 1958 potuit
1156 1872 1338 1952 accurate,
1372 1862 1629 1962 Pythagoricae
1658 1863 1896 1963 philosophiae
2026 1911 2032 1918 .

477 1981 595 2069 parte,
649 1963 704 2036 ad,
724 1963 859 2034 tertiam
886 1959 980 2033 haud
1013 1961 1146 2034 minimi
1173 1965 1358 2055 momenti,
1401 1989 1500 2061 quae
1523 1967 1560 2036 iu
1593 1965 1748 2038 doctrina
1775 1957 1913 2038 morali
2017 1981 2021 1986 .

479 2079 659 2156 uersatur,
686 2099 689 2108 ·
712 2089 775 2136 nos
814 2073 1054 2135 convertamus
1088 2062 1351 2154 illustrandam,
1388 2090 1472 2161 ‚qua
1510 2069 1655 2164 propius
1692 2066 1896 2147 adducimur

480 2170 525 2244 ad
551 2173 742 2256 internam,
772 2187 877 2260 quam
905 2161 1060 2254 dieunt,
1079 2161 1336 2260 Pythagoricae
1366 2166 1537 2238 societatis
1565 2169 1670 2240 vitam
1700 2169 1815 2240 animo
1842 2171 1896 2242 in·.

480 2268 711 2344 formandam.
779 2265 871 2336 Nam
901 2289 990 2362 quac
1028 2289 1132 2360 supra
1159 2261 1203 2334 de
1231 2262 1453 2364 Pythagorae
1484 2267 1647 2366 institutis
1674 2268 1893 2365 protadimus,

484 2374 529 2446 ad
547 2381 723 2446 externam
743 2367 963 2463 potissimum
978 2363 1127 2438 sodalitii
1145 2363 1376 2440 conditionem
1398 2365 1622 2464 spectabant,
1650 2370 1898 2446 inconveniens

480 2477 586 2576 igitur
616 2471 757 2558 luisset,
796 2491 931 2538 summa
960 2465 1091 2539 ethices
1118 2465 1285 2563 dogmata*
1310 2492 1330 2540 a
1353 2465 1561 2564 philosopho
1594 2471 1791 2568 proposita,
1832 2469 1896 2541 etsi

361 2637 365 2644 .
480 2576 628 2675 plurima
648 2574 684 2644 iu
711 2568 961 2666 discipulorum
988 2569 1058 2638 rita
1074 2592 1235 2663 expressa
1252 2566 1328 2664 jam
1347 2569 1595 2666 cognovimus,
1622 2569 1756 2642 tradere
1780 2579 1815 2640 et
1837 2594 1897 2640 ex·

480 2678 623 2775 plicare,
649 2697 757 2768 quum
778 2679 892 2740 autem
913 2671 950 2740 iu
968 2667 1206 2764 philosophiae
1221 2667 1336 2740 studio
1353 2671 1538 2742 etiamnum
1559 2697 1748 2761 venemur,
1771 2695 1897 2768 oppor·

465 2791 586 2848 'tanus
608 2773 667 2842 hic
691 2781 743 2842 est
764 2769 807 2840 de
828 2768 870 2839 iis
891 2768 1080 2840 disserendi
1103 2768 1216 2840 locus.
1271 2769 1478 2842 Rectissime
1498 2769 1658 2842 observat
1673 2767 1899 2860 Aristoteles,

482 2888 560 2948 ante
577 2873 758 2947 Socratem
775 2869 927 2966 primum
945 2867 1053 2938 luisse
1068 2867 1329 2966 Pythagoram,
1356 2869 1476 2965 quide
1498 2872 1624 2944 virtute
1648 2869 1823 2970 disputare
1838 2895 1899 2970 ag.

477 3001 625 3076 gressus
638 2981 751 3061 esset,
784 2995 854 3040 non
877 2979 1007 3040 rectam
1027 2994 1123 3060 vcro,
1152 2967 1339 3066 adjicit,'et
1359 2969 1543 3048 virtutihus
1565 2984 1680 3069 aptam
1703 2969 1898 3069 inquirendi

480 3080 648 3150 rationem
681 3097 760 3146 eum
789 3071 941 3164 ¹iniisse,
985 3069 1114 3167 quippe
1147 3071 1208 3168 qui
1239 3070 1491 3144 adnumeres·
1513 3096 1570 3144 eas
1604 3072 1798 3166 retudisset,
1838 3071 1897 3170 ju.

481 3182 612 3254 stitiam¹
631 3185 776 3272 ‚putasse
803 3197 986 3244 numerum
1011 3171 1141 3266 pariter
1168 3196 1287 3268 parem
1313 3168 1351 3242 h.
1376 3199 1408 3245 e.
1442 3183 1596 3244 mutuam
1627 3175 1893 3272 perpessionem,

480 3280 525 3362 τό
553 3271 835 3358 άντιπεπονθὸς
865 3269 981 3344 Arist.
1005 3271 1130 3369 Magn.
1166 3269 1411 3364 Moral.1,l.
1435 3271 1478 3344 de
1503 3273 1635 3346 Morih.
1651 3275 1700 3366 V,
1720 3271 1761 3346 8.
1793 3273 1893 3370 Mag.
1950 3277 1960 3298 ‘

480 3382 577 3457 lllor'.
609 3371 744 3468 1‚5t.
785 3371 949 3464 Macroh,
975 3373 1012 3442 in
1033 3372 1157 3448 somn.
1192 3372 1292 3470 Scip.
1315 3372 1357 3466 Ι,
1384 3371 1424 3445 li.
1459 3373 1525 3446 suh
1553 3373 1614 3446 lin.
1659 3372 1746 3447 Alio
1777 3385 1915 3462 eontra,

479 3487 559 3560 loco
584 3467 725 3553 enousat
749 3474 852 3571 quasi
872 3469 1039 3570 Stagirita
1063 3471 1173 3546 Samii
1194 3498 1347 3546 errorem
1371 3499 1435 3566 eo,
1463 3473 1558 3572 quod
1581 3475 1696 3567 illam,
1724 3499 1813 3572 qatac
1833 3497 1900 3546 mu.

480 3581 659 3662 recesserit
691 3577 829 3652 Socrati
862 3585 1026 3665 aetatem,
1069 3573 1246 3650 dialectica
1277 3574 1464 3650 inducendi
1491 3587 1525 3648 et
1551 3574 1734 3648 deliniendi
1758 3577 1795 3646 vi
1819 3586 1895 3649 tau·

482 3683 587 3786 qnam
611 3679 775 3754 scientiae
797 3676 969 3774 principio
997 3669 1119 3775 (α’ρχῆ
1145 3671 1370 3777 ἐπιστήμη)
1403 3676 1599 3750 destitutam
1623 3676 1729 3748 fuisse
1756 3687 1896 3750 eonten-

481 3789 555 3878 dit,
591 3779 751 3876 llletaph.
776 3778 855 3868 XI,
881 3773 922 3848 d.
958 3773 1020 3946 gl,
1046 3775 1125 3877 6.).
1174 3775 1407 3850 Nihilominus
1440 3777 1539 3852 fateri
1561 3775 1748 3866 dehemus,
1788 3799 1897 3852 unrttu

481 3885 569 3962 illud
595 3883 746 3970 dictmu,
781 3875 875 3972 quod
900 3901 918 3946 e
942 3902 966 3973 p
993 3875 1180 3974 ilosophiae
1205 3875 1460 3976 Pythagoricae
1484 3875 1716 3975 penetralibus
1736 3875 1898 3948 haustum

482 4016 544 4088 per
574 3995 680 4059 totam
713 3977 882 4051 sodalium
913 3977 1019 4046 vitam
1044 3987 1166 4076 regnat
1191 3989 1224 4050 et
1249 3981 1480 4076 principatum
1500 3989 1612 4072 tenet,
1642 3980 1804 4051 uirtutem
1823 4001 1899 4050 esse

481 4087 719 4174 harmoniam,
758 4078 880 4150 vitium
913 4087 1026 4148 autem
1060 4077 1307 4152 dissonantiam
1341 4074 1552 4182 (Alexandr.
1583 4105 1640 4180 ap.
1665 4079 1774 4178 Diog.
1788 4075 1897 4166 vm,

375 4197 378 4202 '
482 4183 592 4288 55.)’,
623 4197 682 4256 arrt
707 4178 802 4278 quod
828 4174 1054 4276 philosophus
1084 4177 1212 4253 dixisse
1236 4179 1365 4272 lertur,
1401 4205 1545 4280 sequere
1570 4181 1673 4254 deum
1706 4177 1824 4278 (Stoh.
1845 4177 1896 4248 11.

448 4285 745 4389 pomptus.
771 4280 814 4351 de
836 4269 947 4356 lPrhl'.
976 4279 1068 4356 virt.
1106 4306 1142 4377 p.
1162 4275 1226 4352 8¹1.
1249 4283 1295 4352 E.
1335 4282 1377 4354 de
1400 4279 1525 4356 Audit.
1555 4308 1592 4379 p.
1607 4279 1676 4354 57.
1694 4281 1747 4354 l).
1785 4278 1896 4352 Clem.

482 4389 590 4468 Alex.
612 4387 664 4458 11.
705 4411 742 4481 p.
762 4378 858 4453 590.
883 4378 976 4480 la),
1017 4406 1210 4472 summum,
1255 4380 1350 4480 quod
1376 4379 1591 4454 Graecorum
1616 4381 1814 4480 philosophi
1836 4405 1899 4450 un·

482 4515 587 4592 qrmm
612 4485 872 4588 proposuerint,
907 4479 1110 4576 disciplinae
1131 4481 1271 4555 moralis
1297 4481 1465 4578 placitum
1483 4506 1581 4574 esse,
1598 4547 1602 4558 .
1619 4484 1734 4556 animo
1755 4483 1901 4555 fortasse

480 4595 592 4693 mgis
632 4587 842 4674 divinatum,
888 4605 992 4680 quam
1027 4584 1151 4658 mentis
1184 4584 1258 4660 acic
1295 4585 1433 4683 penitus
1468 4593 1701 4686 perspectum.
1767 4581 1903 4665 Eodem
