<?xml version="1.0" encoding="UTF-8"?>
<!DOCTYPE html PUBLIC "-//W3C//DTD XHTML 1.0 Transitional//EN"
    "http://www.w3.org/TR/xhtml1/DTD/xhtml1-transitional.dtd">
<html xmlns="http://www.w3.org/1999/xhtml" xml:lang="en" lang="en">
 <head>
  <title>
</title>
<meta http-equiv="Content-Type" content="text/html;charset=utf-8" />
  <meta name='ocr-system' content='tesseract 3.04.00' />
  <meta name='ocr-capabilities' content='ocr_page ocr_carea ocr_par ocr_line ocrx_word'/>
</head>
<body>
  <div class='ocr_page' id='page_1' title='image "./desocietatisapy00krisgoog_0029.png"; bbox 0 0 4428 5306; ppageno 0'>
   <div class='ocr_carea' id='block_1_1' title="bbox 886 543 1149 620">
    <p class='ocr_par' dir='ltr' id='par_1_1' title="bbox 886 543 1149 620">
     <span class='ocr_line' id='line_1_1' title="bbox 886 543 1149 620; baseline -0.004 -1"><span class='ocrx_word' id='word_1_1' title='bbox 886 543 1041 620; x_wconf 79' lang='lat'><strong>-15</strong></span> <span class='ocrx_word' id='word_1_2' title='bbox 1091 585 1149 618; x_wconf 79' lang='grc'><strong>-,</strong></span> 
     </span>
    </p>
   </div>
   <div class='ocr_carea' id='block_1_2' title="bbox 301 721 1748 2442">
    <p class='ocr_par' dir='ltr' id='par_1_2' title="bbox 301 721 1748 2442">
     <span class='ocr_line' id='line_1_2' title="bbox 318 721 1729 817; baseline -0.001 -11"><span class='ocrx_word' id='word_1_3' title='bbox 318 799 341 812; x_wconf 84' lang='grc'><strong>,,</strong></span> <span class='ocrx_word' id='word_1_4' title='bbox 416 729 515 806; x_wconf 83' lang='lat' dir='ltr'><strong>Nulli</strong></span> <span class='ocrx_word' id='word_1_5' title='bbox 547 729 751 802; x_wconf 67' lang='lat' dir='ltr'><strong>dubitationi</strong></span> <span class='ocrx_word' id='word_1_6' title='bbox 781 727 969 803; x_wconf 78' lang='lat' dir='ltr'><strong>obnoxiam</strong></span> <span class='ocrx_word' id='word_1_7' title='bbox 1010 737 1087 817; x_wconf 86' lang='lat' dir='ltr'><strong>est,</strong></span> <span class='ocrx_word' id='word_1_8' title='bbox 1126 721 1218 797; x_wconf 79' lang='lat' dir='ltr'><strong>banc</strong></span> <span class='ocrx_word' id='word_1_9' title='bbox 1251 725 1422 800; x_wconf 87' lang='lat' dir='ltr'><strong>coloniam</strong></span> <span class='ocrx_word' id='word_1_10' title='bbox 1449 727 1516 800; x_wconf 91' lang='lat' dir='ltr'><strong>sub</strong></span> <span class='ocrx_word' id='word_1_11' title='bbox 1556 727 1664 803; x_wconf 87' lang='lat' dir='ltr'><strong>ductu</strong></span> <span class='ocrx_word' id='word_1_12' title='bbox 1695 743 1729 804; x_wconf 88' lang='lat' dir='ltr'><strong>et</strong></span> 
     </span>
     <span class='ocr_line' id='line_1_3' title="bbox 302 827 1728 930; baseline -0.004 -22"><span class='ocrx_word' id='word_1_13' title='bbox 302 835 507 908; x_wconf 74' lang='lat' dir='ltr'><strong>auctodtate</strong></span> <span class='ocrx_word' id='word_1_14' title='bbox 538 831 789 930; x_wconf 73' lang='lat' dir='ltr'><strong>Spartanorum</strong></span> <span class='ocrx_word' id='word_1_15' title='bbox 821 830 981 903; x_wconf 80' lang='lat' dir='ltr'><strong>emissam</strong></span> <span class='ocrx_word' id='word_1_16' title='bbox 1015 851 1113 919; x_wconf 86' lang='lat' dir='ltr'><strong>esse,</strong></span> <span class='ocrx_word' id='word_1_17' title='bbox 1143 827 1251 923; x_wconf 70' lang='lat' dir='ltr'><strong>‚quod</strong></span> <span class='ocrx_word' id='word_1_18' title='bbox 1280 851 1359 900; x_wconf 91' lang='lat' dir='ltr'><strong>cum</strong></span> <span class='ocrx_word' id='word_1_19' title='bbox 1391 829 1458 899; x_wconf 90' lang='lat' dir='ltr'><strong>alia</strong></span> <span class='ocrx_word' id='word_1_20' title='bbox 1475 829 1620 905; x_wconf 78' lang='lat' dir='ltr'><strong>,indicia</strong></span> <span class='ocrx_word' id='word_1_21' title='bbox 1653 842 1728 930; x_wconf 79' lang='lat' dir='ltr'><strong>tom</strong></span> 
     </span>
     <span class='ocr_line' id='line_1_4' title="bbox 305 925 1726 1029; baseline -0.006 -20"><span class='ocrx_word' id='word_1_22' title='bbox 305 947 438 1009; x_wconf 89' lang='lat' dir='ltr'><strong>certum</strong></span> <span class='ocrx_word' id='word_1_23' title='bbox 461 933 673 1029; x_wconf 78' lang='lat' dir='ltr'><strong>antiquitatis</strong></span> <span class='ocrx_word' id='word_1_24' title='bbox 704 933 936 1004; x_wconf 88' lang='lat' dir='ltr'><strong>testimoninm</strong></span> <span class='ocrx_word' id='word_1_25' title='bbox 961 937 1232 1002; x_wconf 78' lang='lat' dir='ltr'><strong>commonstrant</strong></span> <span class='ocrx_word' id='word_1_26' title='bbox 1263 925 1312 1026; x_wconf 88' lang='lat'><strong>¹).</strong></span> <span class='ocrx_word' id='word_1_27' title='bbox 1372 929 1563 1026; x_wconf 79' lang='lat' dir='ltr'><strong>Perspiene</strong></span> <span class='ocrx_word' id='word_1_28' title='bbox 1597 957 1726 1012; x_wconf 86' lang='lat' dir='ltr'><strong>memo-</strong></span> 
     </span>
     <span class='ocr_line' id='line_1_5' title="bbox 301 1019 1730 1126; baseline 0.005 -18"><span class='ocrx_word' id='word_1_29' title='bbox 301 1049 355 1110; x_wconf 84' lang='lat' dir='ltr'><strong>rat</strong></span> <span class='ocrx_word' id='word_1_30' title='bbox 390 1037 544 1108; x_wconf 86' lang='lat' dir='ltr'><strong>Pansan.</strong></span> <span class='ocrx_word' id='word_1_31' title='bbox 568 1033 650 1124; x_wconf 86' lang='lat'><strong>111,</strong></span> <span class='ocrx_word' id='word_1_32' title='bbox 685 1030 735 1126; x_wconf 73' lang='lat'><strong>5,</strong></span> <span class='ocrx_word' id='word_1_33' title='bbox 768 1029 804 1103; x_wconf 85' lang='lat' dir='ltr'><strong>l.</strong></span> <span class='ocrx_word' id='word_1_34' title='bbox 841 1025 1159 1124; x_wconf 75' lang='grc' dir='ltr'>Τελευτήσαντος</span> <span class='ocrx_word' id='word_1_35' title='bbox 1200 1019 1241 1109; x_wconf 74' lang='lat' dir='ltr'><strong>di</strong></span> <span class='ocrx_word' id='word_1_36' title='bbox 1275 1026 1561 1126; x_wconf 76' lang='grc' dir='ltr'>Ἀλκαμένους,</span> <span class='ocrx_word' id='word_1_37' title='bbox 1598 1032 1730 1114; x_wconf 84' lang='grc' dir='ltr'>Πολύ-</span> 
     </span>
     <span class='ocr_line' id='line_1_6' title="bbox 302 1118 1729 1243; baseline -0.002 -24"><span class='ocrx_word' id='word_1_38' title='bbox 302 1132 409 1243; x_wconf 74' lang='lat' dir='ltr'><strong>dapes</strong></span> <span class='ocrx_word' id='word_1_39' title='bbox 433 1134 505 1226; x_wconf 74' lang='lat' dir='ltr'><strong>mir</strong></span> <span class='ocrx_word' id='word_1_40' title='bbox 534 1132 740 1228; x_wconf 76' lang='grc' dir='ltr'><strong>βασιλείαν</strong></span> <span class='ocrx_word' id='word_1_41' title='bbox 771 1131 1003 1236; x_wconf 78' lang='grc' dir='ltr'><strong><em>παρέλαβεν</em></strong></span> <span class='ocrx_word' id='word_1_42' title='bbox 1029 1126 1047 1208; x_wconf 80' lang='grc' dir='ltr'>ὁ</span> <span class='ocrx_word' id='word_1_43' title='bbox 1074 1125 1362 1228; x_wconf 77' lang='grc' dir='ltr'><strong>Ἀλκαμένους,</strong></span> <span class='ocrx_word' id='word_1_44' title='bbox 1397 1128 1467 1212; x_wconf 75' lang='grc' dir='ltr'><strong>καὶ</strong></span> <span class='ocrx_word' id='word_1_45' title='bbox 1487 1118 1665 1214; x_wconf 57' lang='lat' dir='ltr'><strong>dissutas</strong></span> <span class='ocrx_word' id='word_1_46' title='bbox 1683 1167 1729 1215; x_wconf 85' lang='grc' dir='ltr'><strong>τε</strong></span> 
     </span>
     <span class='ocr_line' id='line_1_7' title="bbox 303 1225 1726 1332; baseline -0.008 -13"><span class='ocrx_word' id='word_1_47' title='bbox 303 1246 340 1322; x_wconf 77' lang='grc' dir='ltr'><strong>ἐς</strong></span> <span class='ocrx_word' id='word_1_48' title='bbox 371 1233 548 1326; x_wconf 71' lang='grc' dir='ltr'><strong>Ἰταλίαν</strong></span> <span class='ocrx_word' id='word_1_49' title='bbox 581 1225 873 1324; x_wconf 66' lang='grc' dir='ltr'><strong>Λακεδαιμόνιοι</strong></span> <span class='ocrx_word' id='word_1_50' title='bbox 891 1229 979 1325; x_wconf 68' lang='lat' dir='ltr'><strong>&#39;raia</strong></span> <span class='ocrx_word' id='word_1_51' title='bbox 1011 1236 1049 1314; x_wconf 79' lang='grc' dir='ltr'><strong>ἐς</strong></span> <span class='ocrx_word' id='word_1_52' title='bbox 1080 1227 1267 1332; x_wconf 75' lang='grc' dir='ltr'><em>Κρότωνα</em></span> <span class='ocrx_word' id='word_1_53' title='bbox 1299 1235 1493 1314; x_wconf 78' lang='grc' dir='ltr'>ἔστειλαν.</span> <span class='ocrx_word' id='word_1_54' title='bbox 1525 1233 1726 1308; x_wconf 83' lang='lat' dir='ltr'><strong>Vindicavi-</strong></span> 
     </span>
     <span class='ocr_line' id='line_1_8' title="bbox 302 1333 1748 1437; baseline -0.004 -23"><span class='ocrx_word' id='word_1_55' title='bbox 302 1367 380 1414; x_wconf 89' lang='lat' dir='ltr'><strong>mns</strong></span> <span class='ocrx_word' id='word_1_56' title='bbox 406 1341 512 1437; x_wconf 75' lang='lat' dir='ltr'><strong>igitur</strong></span> <span class='ocrx_word' id='word_1_57' title='bbox 530 1337 698 1408; x_wconf 84' lang='lat' dir='ltr'><strong>Doricam</strong></span> <span class='ocrx_word' id='word_1_58' title='bbox 717 1334 862 1408; x_wconf 86' lang='lat' dir='ltr'><strong>Grotnni</strong></span> <span class='ocrx_word' id='word_1_59' title='bbox 885 1335 1066 1433; x_wconf 66' lang='lat' dir='ltr'><strong>originem.</strong></span> <span class='ocrx_word' id='word_1_60' title='bbox 1120 1333 1396 1430; x_wconf 86' lang='lat' dir='ltr'><strong>Respiciendum</strong></span> <span class='ocrx_word' id='word_1_61' title='bbox 1421 1359 1504 1407; x_wconf 81' lang='lat' dir='ltr'><strong>vero</strong></span> <span class='ocrx_word' id='word_1_62' title='bbox 1524 1346 1598 1427; x_wconf 84' lang='lat' dir='ltr'><strong>est,</strong></span> <span class='ocrx_word' id='word_1_63' title='bbox 1627 1337 1748 1408; x_wconf 84' lang='lat' dir='ltr'><strong>sicuti·</strong></span> 
     </span>
     <span class='ocr_line' id='line_1_9' title="bbox 304 1431 1728 1538; baseline -0.005 -22"><span class='ocrx_word' id='word_1_64' title='bbox 304 1441 470 1538; x_wconf 86' lang='lat' dir='ltr'><strong>plurimas</strong></span> <span class='ocrx_word' id='word_1_65' title='bbox 501 1436 622 1509; x_wconf 88' lang='lat' dir='ltr'><strong>Italiae</strong></span> <span class='ocrx_word' id='word_1_66' title='bbox 656 1437 831 1527; x_wconf 85' lang='lat' dir='ltr'><strong>civitates,</strong></span> <span class='ocrx_word' id='word_1_67' title='bbox 873 1439 921 1508; x_wconf 88' lang='lat' dir='ltr'><strong>ita</strong></span> <span class='ocrx_word' id='word_1_68' title='bbox 952 1431 1140 1508; x_wconf 87' lang='lat' dir='ltr'><strong>Crotonem</strong></span> <span class='ocrx_word' id='word_1_69' title='bbox 1173 1435 1381 1508; x_wconf 89' lang='lat' dir='ltr'><strong>tutissimum</strong></span> <span class='ocrx_word' id='word_1_70' title='bbox 1413 1461 1588 1509; x_wconf 87' lang='lat' dir='ltr'><strong>recessum</strong></span> <span class='ocrx_word' id='word_1_71' title='bbox 1619 1436 1728 1510; x_wconf 88' lang='lat' dir='ltr'><strong>unde·</strong></span> 
     </span>
     <span class='ocr_line' id='line_1_10' title="bbox 305 1535 1727 1638; baseline -0.003 -26"><span class='ocrx_word' id='word_1_72' title='bbox 305 1567 442 1638; x_wconf 87' lang='lat' dir='ltr'><strong>cunque</strong></span> <span class='ocrx_word' id='word_1_73' title='bbox 468 1537 633 1624; x_wconf 81' lang='lat' dir='ltr'><strong>collectae</strong></span> <span class='ocrx_word' id='word_1_74' title='bbox 655 1535 884 1608; x_wconf 80' lang='lat' dir='ltr'><strong>multitudinis</strong></span> <span class='ocrx_word' id='word_1_75' title='bbox 910 1536 1030 1607; x_wconf 82' lang='lat' dir='ltr'><strong>luisse.</strong></span> <span class='ocrx_word' id='word_1_76' title='bbox 1081 1536 1285 1607; x_wconf 77' lang='lat' dir='ltr'><strong>Domestica</strong></span> <span class='ocrx_word' id='word_1_77' title='bbox 1305 1536 1450 1629; x_wconf 89' lang='lat' dir='ltr'><strong>seditio,</strong></span> <span class='ocrx_word' id='word_1_78' title='bbox 1478 1538 1586 1608; x_wconf 86' lang='lat' dir='ltr'><strong>nimia</strong></span> <span class='ocrx_word' id='word_1_79' title='bbox 1608 1563 1727 1635; x_wconf 90' lang='lat' dir='ltr'><strong>super·</strong></span> 
     </span>
     <span class='ocr_line' id='line_1_11' title="bbox 303 1635 1728 1736; baseline 0 -24"><span class='ocrx_word' id='word_1_80' title='bbox 303 1643 440 1726; x_wconf 76' lang='lat' dir='ltr'><strong>fluentis</strong></span> <span class='ocrx_word' id='word_1_81' title='bbox 464 1637 584 1736; x_wconf 91' lang='lat' dir='ltr'><strong>populi</strong></span> <span class='ocrx_word' id='word_1_82' title='bbox 608 1638 821 1733; x_wconf 82' lang='lat' dir='ltr'><strong>frequentia,</strong></span> <span class='ocrx_word' id='word_1_83' title='bbox 858 1635 1072 1708; x_wconf 89' lang='lat' dir='ltr'><strong>intoleranda</strong></span> <span class='ocrx_word' id='word_1_84' title='bbox 1097 1635 1245 1707; x_wconf 79' lang='lat' dir='ltr'><strong>infelicis</strong></span> <span class='ocrx_word' id='word_1_85' title='bbox 1267 1637 1332 1709; x_wconf 89' lang='lat' dir='ltr'><strong>soli</strong></span> <span class='ocrx_word' id='word_1_86' title='bbox 1361 1639 1464 1727; x_wconf 82' lang='lat' dir='ltr'><strong>vitia,</strong></span> <span class='ocrx_word' id='word_1_87' title='bbox 1500 1637 1728 1712; x_wconf 80' lang='lat' dir='ltr'><strong>fertilissimae</strong></span> 
     </span>
     <span class='ocr_line' id='line_1_12' title="bbox 304 1735 1727 1836; baseline -0.003 -21"><span class='ocrx_word' id='word_1_88' title='bbox 304 1743 423 1815; x_wconf 87' lang='lat' dir='ltr'><strong>ltaliae</strong></span> <span class='ocrx_word' id='word_1_89' title='bbox 455 1742 551 1810; x_wconf 85' lang='lat' dir='ltr'><strong>lama</strong></span> <span class='ocrx_word' id='word_1_90' title='bbox 570 1741 619 1810; x_wconf 70' lang='lat' dir='ltr'><strong>in,</strong></span> <span class='ocrx_word' id='word_1_91' title='bbox 633 1763 737 1810; x_wconf 86' lang='lat' dir='ltr'><strong>causa</strong></span> <span class='ocrx_word' id='word_1_92' title='bbox 761 1739 977 1836; x_wconf 88' lang='lat' dir='ltr'><strong>potissimum</strong></span> <span class='ocrx_word' id='word_1_93' title='bbox 1010 1735 1172 1826; x_wconf 82' lang='lat' dir='ltr'><strong>luerunt,</strong></span> <span class='ocrx_word' id='word_1_94' title='bbox 1219 1736 1315 1833; x_wconf 87' lang='lat' dir='ltr'><strong>qaod</strong></span> <span class='ocrx_word' id='word_1_95' title='bbox 1346 1740 1470 1835; x_wconf 85' lang='lat' dir='ltr'><strong>quovis</strong></span> <span class='ocrx_word' id='word_1_96' title='bbox 1494 1749 1648 1836; x_wconf 89' lang='lat' dir='ltr'><strong>tempore</strong></span> <span class='ocrx_word' id='word_1_97' title='bbox 1673 1742 1727 1830; x_wconf 61' lang='lat' dir='ltr'><strong>irr-</strong></span> 
     </span>
     <span class='ocr_line' id='line_1_13' title="bbox 302 1834 1724 2016; baseline -0.002 0"><span class='ocrx_word' id='word_1_98' title='bbox 302 1834 1568 2016; x_wconf 51' lang='lat' dir='ltr'><strong>Hllllllfflnltlltlllffllcltall&#39;lllliiff‘lll&#39;l</strong></span> <span class='ocrx_word' id='word_1_99' title='bbox 1583 1837 1724 2013; x_wconf 66' lang='grc'><strong>6’91</strong></span> 
     </span>
     <span class='ocr_line' id='line_1_14' title="bbox 303 1965 1729 2140; baseline -0.002 -24"><span class='ocrx_word' id='word_1_100' title='bbox 303 2045 372 2116; x_wconf 90' lang='lat' dir='ltr'><strong>His</strong></span> <span class='ocrx_word' id='word_1_101' title='bbox 398 2041 538 2114; x_wconf 86' lang='lat' dir='ltr'><strong>advenis</strong></span> <span class='ocrx_word' id='word_1_102' title='bbox 564 2041 600 2110; x_wconf 90' lang='lat' dir='ltr'><strong>in</strong></span> <span class='ocrx_word' id='word_1_103' title='bbox 625 2039 798 2111; x_wconf 84' lang='lat' dir='ltr'><strong>civitatem</strong></span> <span class='ocrx_word' id='word_1_104' title='bbox 823 1987 969 2136; x_wconf 75' lang='lat' dir='ltr'><strong>rebeptis</strong></span> <span class='ocrx_word' id='word_1_105' title='bbox 990 2038 1120 2110; x_wconf 80' lang='lat' dir='ltr'><strong>lactum</strong></span> <span class='ocrx_word' id='word_1_106' title='bbox 1146 2050 1218 2129; x_wconf 81' lang='lat' dir='ltr'><strong>est,</strong></span> <span class='ocrx_word' id='word_1_107' title='bbox 1255 2048 1294 2110; x_wconf 90' lang='lat' dir='ltr'><strong>ut</strong></span> <span class='ocrx_word' id='word_1_108' title='bbox 1316 1988 1405 2140; x_wconf 75' lang='lat' dir='ltr'><strong>qude</strong></span> <span class='ocrx_word' id='word_1_109' title='bbox 1429 2041 1467 2111; x_wconf 93' lang='lat' dir='ltr'><strong>in</strong></span> <span class='ocrx_word' id='word_1_110' title='bbox 1488 1965 1629 2112; x_wconf 56' lang='lat' dir='ltr'><strong>conditi)</strong></span> <span class='ocrx_word' id='word_1_111' title='bbox 1639 2017 1729 2113; x_wconf 73' lang='lat' dir='ltr'><strong>urbe</strong></span> 
     </span>
     <span class='ocr_line' id='line_1_15' title="bbox 304 2123 1728 2236; baseline -0.001 -20"><span class='ocrx_word' id='word_1_112' title='bbox 304 2142 528 2218; x_wconf 83' lang='lat' dir='ltr'><strong>consederant</strong></span> <span class='ocrx_word' id='word_1_113' title='bbox 548 2123 686 2236; x_wconf 76' lang='lat' dir='ltr'><strong>&#39;prisc&#39;ne</strong></span> <span class='ocrx_word' id='word_1_114' title='bbox 711 2137 860 2212; x_wconf 85' lang='lat' dir='ltr'><strong>familiae</strong></span> <span class='ocrx_word' id='word_1_115' title='bbox 885 2137 1051 2236; x_wconf 89' lang='lat' dir='ltr'><strong>paulatim</strong></span> <span class='ocrx_word' id='word_1_116' title='bbox 1076 2136 1355 2212; x_wconf 83' lang='lat' dir='ltr'><strong>obscurarentur.</strong></span> <span class='ocrx_word' id='word_1_117' title='bbox 1401 2138 1534 2214; x_wconf 83' lang='lat' dir='ltr'><strong>Croton</strong></span> <span class='ocrx_word' id='word_1_118' title='bbox 1559 2139 1625 2214; x_wconf 79' lang='lat' dir='ltr'><strong>l&#39;uit</strong></span> <span class='ocrx_word' id='word_1_119' title='bbox 1639 2139 1728 2214; x_wconf 84' lang='lat' dir='ltr'><strong>bene</strong></span> 
     </span>
     <span class='ocr_line' id='line_1_16' title="bbox 303 2237 1727 2341; baseline -0.001 -25"><span class='ocrx_word' id='word_1_120' title='bbox 303 2245 433 2318; x_wconf 76' lang='lat' dir='ltr'><strong>annuitn</strong></span> <span class='ocrx_word' id='word_1_121' title='bbox 452 2253 486 2314; x_wconf 89' lang='lat' dir='ltr'><strong>ct</strong></span> <span class='ocrx_word' id='word_1_122' title='bbox 505 2239 599 2310; x_wconf 91' lang='lat' dir='ltr'><strong>baud</strong></span> <span class='ocrx_word' id='word_1_123' title='bbox 617 2241 829 2336; x_wconf 84' lang='lat' dir='ltr'><strong>importuosa</strong></span> <span class='ocrx_word' id='word_1_124' title='bbox 850 2239 934 2312; x_wconf 89' lang='lat' dir='ltr'><strong>urbs</strong></span> <span class='ocrx_word' id='word_1_125' title='bbox 960 2237 1058 2341; x_wconf 85' lang='lat' dir='ltr'><strong>(Liv.</strong></span> <span class='ocrx_word' id='word_1_126' title='bbox 1074 2239 1222 2332; x_wconf 83' lang='lat' dir='ltr'>XXIV,</span> <span class='ocrx_word' id='word_1_127' title='bbox 1242 2237 1283 2311; x_wconf 76' lang='grc'><strong>5.</strong></span> <span class='ocrx_word' id='word_1_128' title='bbox 1311 2240 1508 2340; x_wconf 65' lang='lat' dir='ltr'><strong>Polynx,</strong></span> <span class='ocrx_word' id='word_1_129' title='bbox 1532 2237 1568 2322; x_wconf 79' lang='grc'><strong>1.</strong></span> <span class='ocrx_word' id='word_1_130' title='bbox 1598 2241 1727 2316; x_wconf 89' lang='lat' dir='ltr'><strong>Strabo</strong></span> 
     </span>
     <span class='ocr_line' id='line_1_17' title="bbox 303 2331 1726 2442; baseline -0.003 -24"><span class='ocrx_word' id='word_1_131' title='bbox 303 2347 369 2418; x_wconf 78' lang='lat' dir='ltr'><strong>vl.</strong></span> <span class='ocrx_word' id='word_1_132' title='bbox 404 2372 440 2442; x_wconf 89' lang='lat' dir='ltr'><strong>p.</strong></span> <span class='ocrx_word' id='word_1_133' title='bbox 465 2338 582 2440; x_wconf 71' lang='lat'><strong>262.)</strong></span> <span class='ocrx_word' id='word_1_134' title='bbox 605 2337 664 2440; x_wconf 67' lang='grc' dir='ltr'><strong>α),</strong></span> <span class='ocrx_word' id='word_1_135' title='bbox 711 2366 793 2435; x_wconf 86' lang='lat' dir='ltr'><strong>prae</strong></span> <span class='ocrx_word' id='word_1_136' title='bbox 820 2331 941 2412; x_wconf 80' lang='lat' dir='ltr'><strong>ceteris</strong></span> <span class='ocrx_word' id='word_1_137' title='bbox 975 2365 1058 2412; x_wconf 85' lang='lat' dir='ltr'><strong>vero</strong></span> <span class='ocrx_word' id='word_1_138' title='bbox 1092 2340 1305 2436; x_wconf 89' lang='lat' dir='ltr'><strong>praecellens</strong></span> <span class='ocrx_word' id='word_1_139' title='bbox 1342 2344 1493 2440; x_wconf 74' lang='lat' dir='ltr'><strong>regionis</strong></span> <span class='ocrx_word' id='word_1_140' title='bbox 1526 2341 1726 2414; x_wconf 83' lang='lat' dir='ltr'><strong>salubritate</strong></span> 
     </span>
    </p>
   </div>
   <div class='ocr_carea' id='block_1_3' title="bbox 304 2437 1727 2644">
    <p class='ocr_par' dir='ltr' id='par_1_3' title="bbox 304 2437 1727 2644">
     <span class='ocr_line' id='line_1_18' title="bbox 305 2437 1726 2540; baseline -0.003 -22"><span class='ocrx_word' id='word_1_141' title='bbox 305 2457 339 2518; x_wconf 92' lang='lat' dir='ltr'><strong>et</strong></span> <span class='ocrx_word' id='word_1_142' title='bbox 361 2445 425 2518; x_wconf 85' lang='lat' dir='ltr'><strong>snb</strong></span> <span class='ocrx_word' id='word_1_143' title='bbox 448 2441 634 2515; x_wconf 76' lang='lat' dir='ltr'><strong>fertilitate.</strong></span> <span class='ocrx_word' id='word_1_144' title='bbox 688 2440 785 2513; x_wconf 87' lang='lat' dir='ltr'><strong>Plin.</strong></span> <span class='ocrx_word' id='word_1_145' title='bbox 809 2437 862 2512; x_wconf 82' lang='lat' dir='ltr'><strong>N.</strong></span> <span class='ocrx_word' id='word_1_146' title='bbox 881 2441 934 2518; x_wconf 79' lang='lat' dir='ltr'><strong>H.</strong></span> <span class='ocrx_word' id='word_1_147' title='bbox 952 2440 1004 2512; x_wconf 85' lang='lat' dir='ltr'><strong>H.</strong></span> <span class='ocrx_word' id='word_1_148' title='bbox 1032 2439 1130 2514; x_wconf 86' lang='lat' dir='ltr'><strong>Seet.</strong></span> <span class='ocrx_word' id='word_1_149' title='bbox 1151 2437 1219 2510; x_wconf 85' lang='lat'><strong>98.</strong></span> <span class='ocrx_word' id='word_1_150' title='bbox 1260 2440 1367 2533; x_wconf 82' lang='lat' dir='ltr'><strong>Quod</strong></span> <span class='ocrx_word' id='word_1_151' title='bbox 1392 2441 1495 2514; x_wconf 89' lang='lat' dir='ltr'><strong>modo</strong></span> <span class='ocrx_word' id='word_1_152' title='bbox 1520 2443 1726 2540; x_wconf 87' lang='lat' dir='ltr'><strong>protulimus</strong></span> 
     </span>
     <span class='ocr_line' id='line_1_19' title="bbox 304 2538 1727 2644; baseline -0.002 -25"><span class='ocrx_word' id='word_1_153' title='bbox 304 2545 516 2644; x_wconf 86' lang='lat' dir='ltr'><strong>Delphicum</strong></span> <span class='ocrx_word' id='word_1_154' title='bbox 542 2539 720 2612; x_wconf 77' lang='lat' dir='ltr'><strong>oracrdum</strong></span> <span class='ocrx_word' id='word_1_155' title='bbox 746 2538 941 2636; x_wconf 84' lang='lat' dir='ltr'><strong>praedictae</strong></span> <span class='ocrx_word' id='word_1_156' title='bbox 966 2541 1137 2632; x_wconf 83' lang='lat' dir='ltr'><strong>sanitatis,</strong></span> <span class='ocrx_word' id='word_1_157' title='bbox 1165 2539 1202 2612; x_wconf 92' lang='lat' dir='ltr'><strong>id</strong></span> <span class='ocrx_word' id='word_1_158' title='bbox 1227 2543 1354 2615; x_wconf 86' lang='lat' dir='ltr'><strong>seriore</strong></span> <span class='ocrx_word' id='word_1_159' title='bbox 1378 2553 1505 2634; x_wconf 86' lang='lat' dir='ltr'><strong>aetate,</strong></span> <span class='ocrx_word' id='word_1_160' title='bbox 1533 2543 1727 2640; x_wconf 75' lang='lat' dir='ltr'><strong>etquidem</strong></span> 
     </span>
    </p>
   </div>
   <div class='ocr_carea' id='block_1_4' title="bbox 305 2638 1868 2742">
    <p class='ocr_par' dir='ltr' id='par_1_4' title="bbox 305 2638 1868 2742">
     <span class='ocr_line' id='line_1_20' title="bbox 305 2638 1868 2742; baseline -0.001 -26"><span class='ocrx_word' id='word_1_161' title='bbox 305 2646 548 2718; x_wconf 81' lang='lat' dir='ltr'><strong>florentissimo</strong></span> <span class='ocrx_word' id='word_1_162' title='bbox 581 2638 743 2711; x_wconf 87' lang='lat' dir='ltr'><strong>Crotonis</strong></span> <span class='ocrx_word' id='word_1_163' title='bbox 774 2650 885 2731; x_wconf 86' lang='lat' dir='ltr'><strong>statu,</strong></span> <span class='ocrx_word' id='word_1_164' title='bbox 936 2640 1121 2713; x_wconf 88' lang='lat' dir='ltr'><strong>confictum</strong></span> <span class='ocrx_word' id='word_1_165' title='bbox 1160 2665 1237 2714; x_wconf 87' lang='lat' dir='ltr'><strong>esse</strong></span> <span class='ocrx_word' id='word_1_166' title='bbox 1271 2667 1373 2716; x_wconf 92' lang='lat' dir='ltr'><strong>neruo</strong></span> <span class='ocrx_word' id='word_1_167' title='bbox 1407 2643 1558 2742; x_wconf 76' lang='lat' dir='ltr'><strong>negabit.</strong></span> <span class='ocrx_word' id='word_1_168' title='bbox 1626 2642 1725 2715; x_wconf 90' lang='lat' dir='ltr'><strong>ldem</strong></span> <span class='ocrx_word' id='word_1_169' title='bbox 1864 2709 1868 2722; x_wconf 86' lang='grc'>,</span> 
     </span>
    </p>
   </div>
   <div class='ocr_carea' id='block_1_5' title="bbox 305 2737 1787 2860">
    <p class='ocr_par' dir='ltr' id='par_1_5' title="bbox 305 2737 1787 2860">
     <span class='ocr_line' id='line_1_21' title="bbox 305 2737 1787 2860; baseline -0.002 -42"><span class='ocrx_word' id='word_1_170' title='bbox 305 2755 437 2843; x_wconf 83' lang='lat' dir='ltr'><strong>spectat</strong></span> <span class='ocrx_word' id='word_1_171' title='bbox 462 2741 608 2814; x_wconf 88' lang='lat' dir='ltr'><strong>alterum</strong></span> <span class='ocrx_word' id='word_1_172' title='bbox 634 2737 812 2813; x_wconf 89' lang='lat' dir='ltr'><strong>oraculum</strong></span> <span class='ocrx_word' id='word_1_173' title='bbox 834 2766 891 2839; x_wconf 91' lang='lat' dir='ltr'><strong>ap.</strong></span> <span class='ocrx_word' id='word_1_174' title='bbox 915 2739 1038 2818; x_wconf 86' lang='lat' dir='ltr'><strong>Sebol.</strong></span> <span class='ocrx_word' id='word_1_175' title='bbox 1063 2741 1109 2816; x_wconf 87' lang='lat' dir='ltr'><strong>ad</strong></span> <span class='ocrx_word' id='word_1_176' title='bbox 1130 2737 1317 2841; x_wconf 76' lang='lat' dir='ltr'><strong>Aristopb.</strong></span> <span class='ocrx_word' id='word_1_177' title='bbox 1342 2743 1438 2818; x_wconf 82' lang='lat' dir='ltr'><strong>Nub.</strong></span> <span class='ocrx_word' id='word_1_178' title='bbox 1466 2742 1563 2818; x_wconf 76' lang='lat'><strong>570.</strong></span> <span class='ocrx_word' id='word_1_179' title='bbox 1618 2743 1726 2820; x_wconf 86' lang='lat' dir='ltr'><strong>Cam·</strong></span> <span class='ocrx_word' id='word_1_180' title='bbox 1784 2849 1787 2860; x_wconf 29' lang='grc' dir='ltr'>Ι</span> 
     </span>
    </p>
   </div>
   <div class='ocr_carea' id='block_1_6' title="bbox 293 2964 1834 4558">
    <p class='ocr_par' dir='ltr' id='par_1_6' title="bbox 350 2964 1834 3409">
     <span class='ocr_line' id='line_1_22' title="bbox 350 2964 1727 3057; baseline 0.004 -24"><span class='ocrx_word' id='word_1_181' title='bbox 350 2969 388 3054; x_wconf 91' lang='lat' dir='ltr'><strong>l)</strong></span> <span class='ocrx_word' id='word_1_182' title='bbox 410 2969 441 3034; x_wconf 84' lang='lat' dir='ltr'><strong>bl</strong></span> <span class='ocrx_word' id='word_1_183' title='bbox 465 2967 579 3036; x_wconf 78' lang='lat' dir='ltr'><strong>ocellus</strong></span> <span class='ocrx_word' id='word_1_184' title='bbox 594 2964 840 3034; x_wconf 86' lang='lat' dir='ltr'><strong>Heraclidarnm</strong></span> <span class='ocrx_word' id='word_1_185' title='bbox 853 2986 936 3032; x_wconf 90' lang='lat' dir='ltr'><strong>unus</strong></span> <span class='ocrx_word' id='word_1_186' title='bbox 958 2965 1071 3053; x_wconf 68' lang='lat' dir='ltr'><strong>(Ovio.</strong></span> <span class='ocrx_word' id='word_1_187' title='bbox 1085 2966 1214 3034; x_wconf 88' lang='lat' dir='ltr'><strong>Metam.</strong></span> <span class='ocrx_word' id='word_1_188' title='bbox 1225 2965 1296 3046; x_wconf 83' lang='lat' dir='ltr'><strong>XV,</strong></span> <span class='ocrx_word' id='word_1_189' title='bbox 1312 2967 1383 3052; x_wconf 88' lang='grc'><strong>19.)</strong></span> <span class='ocrx_word' id='word_1_190' title='bbox 1405 2967 1556 3034; x_wconf 82' lang='lat' dir='ltr'><strong>Crotonis</strong></span> <span class='ocrx_word' id='word_1_191' title='bbox 1577 2971 1727 3057; x_wconf 72' lang='grc' dir='ltr'><strong>οἰκιστής</strong></span> 
     </span>
     <span class='ocr_line' id='line_1_23' title="bbox 411 3051 1834 3140; baseline 0 -20"><span class='ocrx_word' id='word_1_192' title='bbox 411 3053 429 3139; x_wconf 92' lang='grc'>(</span> <span class='ocrx_word' id='word_1_193' title='bbox 457 3055 538 3120; x_wconf 86' lang='lat' dir='ltr'><strong>trab.</strong></span> <span class='ocrx_word' id='word_1_194' title='bbox 553 3052 640 3120; x_wconf 91' lang='lat' dir='ltr'><strong>VIlI.</strong></span> <span class='ocrx_word' id='word_1_195' title='bbox 693 3052 805 3134; x_wconf 79' lang='lat'><strong>.387.)</strong></span> <span class='ocrx_word' id='word_1_196' title='bbox 838 3061 934 3137; x_wconf 86' lang='lat' dir='ltr'><strong>atque</strong></span> <span class='ocrx_word' id='word_1_197' title='bbox 959 3073 1033 3118; x_wconf 92' lang='lat' dir='ltr'><strong>cnm</strong></span> <span class='ocrx_word' id='word_1_198' title='bbox 1059 3071 1099 3118; x_wconf 84' lang='lat' dir='ltr'><strong>eo</strong></span> <span class='ocrx_word' id='word_1_199' title='bbox 1121 3052 1254 3120; x_wconf 82' lang='lat' dir='ltr'><strong>Archias</strong></span> <span class='ocrx_word' id='word_1_200' title='bbox 1273 3051 1463 3133; x_wconf 85' lang='lat' dir='ltr'><strong>Heraclida,</strong></span> <span class='ocrx_word' id='word_1_201' title='bbox 1493 3053 1727 3140; x_wconf 82' lang='lat' dir='ltr'><strong>Syracusarum</strong></span> <span class='ocrx_word' id='word_1_202' title='bbox 1829 3081 1834 3092; x_wconf 41' lang='grc' dir='ltr'><strong>ι</strong></span> 
     </span>
     <span class='ocr_line' id='line_1_24' title="bbox 412 3073 1726 3224; baseline -0.002 -20"><span class='ocrx_word' id='word_1_203' title='bbox 412 3139 576 3218; x_wconf 89' lang='lat' dir='ltr'><strong>conditor,</strong></span> <span class='ocrx_word' id='word_1_204' title='bbox 606 3073 754 3224; x_wconf 82' lang='lat' dir='ltr'><strong>Apollinis</strong></span> <span class='ocrx_word' id='word_1_205' title='bbox 776 3137 939 3202; x_wconf 89' lang='lat' dir='ltr'><strong>oraculum</strong></span> <span class='ocrx_word' id='word_1_206' title='bbox 963 3150 1175 3222; x_wconf 87' lang='lat' dir='ltr'><strong>acceperant,</strong></span> <span class='ocrx_word' id='word_1_207' title='bbox 1195 3159 1245 3208; x_wconf 83' lang='lat' dir='ltr'><strong>,ex</strong></span> <span class='ocrx_word' id='word_1_208' title='bbox 1267 3159 1331 3223; x_wconf 91' lang='lat' dir='ltr'><strong>qno</strong></span> <span class='ocrx_word' id='word_1_209' title='bbox 1359 3148 1465 3206; x_wconf 86' lang='lat' dir='ltr'><strong>utrum</strong></span> <span class='ocrx_word' id='word_1_210' title='bbox 1488 3135 1601 3204; x_wconf 81' lang='lat' dir='ltr'><strong>divitiis</strong></span> <span class='ocrx_word' id='word_1_211' title='bbox 1618 3137 1726 3204; x_wconf 76' lang='lat' dir='ltr'><strong>‚abun-</strong></span> 
     </span>
     <span class='ocr_line' id='line_1_25' title="bbox 412 3219 1727 3309; baseline -0.001 -21"><span class='ocrx_word' id='word_1_212' title='bbox 412 3221 540 3290; x_wconf 85' lang='lat' dir='ltr'><strong>dantem</strong></span> <span class='ocrx_word' id='word_1_213' title='bbox 581 3243 621 3286; x_wconf 85' lang='lat' dir='ltr'><strong>an</strong></span> <span class='ocrx_word' id='word_1_214' title='bbox 663 3220 797 3288; x_wconf 88' lang='lat' dir='ltr'><strong>sanitate</strong></span> <span class='ocrx_word' id='word_1_215' title='bbox 831 3222 999 3288; x_wconf 87' lang='lat' dir='ltr'><strong>florentem</strong></span> <span class='ocrx_word' id='word_1_216' title='bbox 1036 3219 1142 3287; x_wconf 93' lang='lat' dir='ltr'><strong>locum</strong></span> <span class='ocrx_word' id='word_1_217' title='bbox 1179 3231 1397 3309; x_wconf 83' lang='lat' dir='ltr'><strong>occuparent,</strong></span> <span class='ocrx_word' id='word_1_218' title='bbox 1441 3219 1605 3307; x_wconf 79' lang='lat' dir='ltr'><strong>eligerent.</strong></span> <span class='ocrx_word' id='word_1_219' title='bbox 1670 3222 1727 3288; x_wconf 89' lang='lat' dir='ltr'><strong>Ille</strong></span> 
     </span>
     <span class='ocr_line' id='line_1_26' title="bbox 410 3303 1726 3409; baseline -0.003 -33"><span class='ocrx_word' id='word_1_220' title='bbox 410 3303 432 3376; x_wconf 78' lang='lat' dir='ltr'><strong>ri</strong></span> <span class='ocrx_word' id='word_1_221' title='bbox 455 3309 561 3383; x_wconf 78' lang='grc' dir='ltr'><strong>ιείιιν,</strong></span> <span class='ocrx_word' id='word_1_222' title='bbox 583 3305 635 3370; x_wconf 87' lang='lat' dir='ltr'><strong>bic</strong></span> <span class='ocrx_word' id='word_1_223' title='bbox 656 3309 806 3380; x_wconf 72' lang='grc' dir='ltr'><strong>πλοῦτοι</strong></span> <span class='ocrx_word' id='word_1_224' title='bbox 826 3303 1003 3391; x_wconf 80' lang='lat' dir='ltr'><strong>praetulit·</strong></span> <span class='ocrx_word' id='word_1_225' title='bbox 1028 3305 1145 3373; x_wconf 83' lang='lat' dir='ltr'><strong>Strabo</strong></span> <span class='ocrx_word' id='word_1_226' title='bbox 1158 3307 1213 3372; x_wconf 88' lang='lat' dir='ltr'><strong>VI.</strong></span> <span class='ocrx_word' id='word_1_227' title='bbox 1230 3307 1351 3409; x_wconf 61' lang='lat' dir='ltr'><strong>paca.</strong></span> <span class='ocrx_word' id='word_1_228' title='bbox 1388 3305 1496 3373; x_wconf 89' lang='lat' dir='ltr'><strong>Scbol.</strong></span> <span class='ocrx_word' id='word_1_229' title='bbox 1511 3303 1552 3372; x_wconf 88' lang='lat' dir='ltr'><strong>ad</strong></span> <span class='ocrx_word' id='word_1_230' title='bbox 1570 3307 1726 3395; x_wconf 77' lang='lat' dir='ltr'><strong>Aristopb.</strong></span> 
     </span>
    </p>

    <p class='ocr_par' dir='ltr' id='par_1_7' title="bbox 293 3387 1751 4558">
     <span class='ocr_line' id='line_1_27' title="bbox 442 3387 1727 3540; baseline 0.001 -83"><span class='ocrx_word' id='word_1_231' title='bbox 442 3413 494 3478; x_wconf 82' lang='lat' dir='ltr'><strong>qn.</strong></span> <span class='ocrx_word' id='word_1_232' title='bbox 518 3391 610 3458; x_wconf 79' lang='lat'><strong>1089.</strong></span> <span class='ocrx_word' id='word_1_233' title='bbox 656 3388 815 3454; x_wconf 78' lang='lat' dir='ltr'><strong>Referunt</strong></span> <span class='ocrx_word' id='word_1_234' title='bbox 836 3387 964 3476; x_wconf 85' lang='lat' dir='ltr'><strong>quidem</strong></span> <span class='ocrx_word' id='word_1_235' title='bbox 984 3389 1300 3540; x_wconf 74' lang='lat' dir='ltr'><strong>Hippys-Rhegmns</strong></span> <span class='ocrx_word' id='word_1_236' title='bbox 1322 3401 1356 3458; x_wconf 89' lang='lat' dir='ltr'><strong>et</strong></span> <span class='ocrx_word' id='word_1_237' title='bbox 1378 3391 1515 3471; x_wconf 84' lang='lat' dir='ltr'><strong>Strabo,</strong></span> <span class='ocrx_word' id='word_1_238' title='bbox 1541 3391 1727 3494; x_wconf 67' lang='lat' dir='ltr'><strong>Myscellam</strong></span> 
     </span>
     <span class='ocr_line' id='line_1_28' title="bbox 409 3471 1726 3565; baseline -0.002 -23"><span class='ocrx_word' id='word_1_239' title='bbox 409 3471 560 3563; x_wconf 74' lang='lat' dir='ltr'><strong>Rb&#39;ypaa&#39;</strong></span> <span class='ocrx_word' id='word_1_240' title='bbox 576 3472 714 3540; x_wconf 73' lang='lat' dir='ltr'><strong>Achaiae</strong></span> <span class='ocrx_word' id='word_1_241' title='bbox 745 3475 857 3540; x_wconf 89' lang='lat' dir='ltr'><strong>urbem</strong></span> <span class='ocrx_word' id='word_1_242' title='bbox 888 3473 1023 3562; x_wconf 89' lang='lat' dir='ltr'><strong>patriam</strong></span> <span class='ocrx_word' id='word_1_243' title='bbox 1076 3477 1203 3544; x_wconf 82' lang='lat' dir='ltr'><strong>abcisae</strong></span> <span class='ocrx_word' id='word_1_244' title='bbox 1241 3475 1366 3565; x_wconf 89' lang='lat' dir='ltr'><strong>(Hipp.</strong></span> <span class='ocrx_word' id='word_1_245' title='bbox 1394 3476 1427 3541; x_wconf 90' lang='lat' dir='ltr'><strong>in</strong></span> <span class='ocrx_word' id='word_1_246' title='bbox 1458 3473 1726 3564; x_wconf 81' lang='lat' dir='ltr'><strong>Obronrc.·apnd</strong></span> 
     </span>
     <span class='ocr_line' id='line_1_29' title="bbox 410 3555 1751 3648; baseline -0.001 -22"><span class='ocrx_word' id='word_1_247' title='bbox 410 3559 568 3627; x_wconf 82' lang='lat' dir='ltr'><strong>Zenodot.</strong></span> <span class='ocrx_word' id='word_1_248' title='bbox 588 3556 691 3646; x_wconf 77' lang='lat' dir='ltr'><strong>Adng.</strong></span> <span class='ocrx_word' id='word_1_249' title='bbox 707 3557 772 3637; x_wconf 89' lang='grc' dir='ltr'><strong>ΙΠ,</strong></span> <span class='ocrx_word' id='word_1_250' title='bbox 794 3559 845 3624; x_wconf 81' lang='grc'><strong>42.</strong></span> <span class='ocrx_word' id='word_1_251' title='bbox 868 3581 932 3625; x_wconf 91' lang='lat' dir='ltr'><strong>non</strong></span> <span class='ocrx_word' id='word_1_252' title='bbox 953 3559 1118 3646; x_wconf 91' lang='lat' dir='ltr'><strong>Hippens,</strong></span> <span class='ocrx_word' id='word_1_253' title='bbox 1147 3555 1234 3648; x_wconf 84' lang='lat' dir='ltr'><strong>quod</strong></span> <span class='ocrx_word' id='word_1_254' title='bbox 1259 3559 1319 3624; x_wconf 87' lang='lat' dir='ltr'><strong>&#39;nm</strong></span> <span class='ocrx_word' id='word_1_255' title='bbox 1342 3559 1480 3626; x_wconf 78' lang='lat' dir='ltr'><strong>correxit</strong></span> <span class='ocrx_word' id='word_1_256' title='bbox 1499 3561 1661 3646; x_wconf 78' lang='lat' dir='ltr'><strong>Krueger.</strong></span> <span class='ocrx_word' id='word_1_257' title='bbox 1684 3561 1726 3626; x_wconf 91' lang='lat' dir='ltr'><strong>ad</strong></span> <span class='ocrx_word' id='word_1_258' title='bbox 1748 3577 1751 3582; x_wconf 68' lang='grc'>“</span> 
     </span>
     <span class='ocr_line' id='line_1_30' title="bbox 412 3583 1727 3736; baseline -0.002 -24"><span class='ocrx_word' id='word_1_259' title='bbox 412 3645 550 3712; x_wconf 88' lang='lat' dir='ltr'><strong>Clinton.</strong></span> <span class='ocrx_word' id='word_1_260' title='bbox 579 3643 668 3710; x_wconf 80' lang='lat' dir='ltr'><strong>Fast.</strong></span> <span class='ocrx_word' id='word_1_261' title='bbox 698 3641 781 3708; x_wconf 85' lang='lat' dir='ltr'><strong>Hell.</strong></span> <span class='ocrx_word' id='word_1_262' title='bbox 832 3643 924 3710; x_wconf 81' lang='grc'><strong>.382.</strong></span> <span class='ocrx_word' id='word_1_263' title='bbox 952 3656 1018 3710; x_wconf 88' lang='lat' dir='ltr'><strong>not.</strong></span> <span class='ocrx_word' id='word_1_264' title='bbox 1037 3666 1062 3709; x_wconf 88' lang='lat' dir='ltr'><strong>s.</strong></span> <span class='ocrx_word' id='word_1_265' title='bbox 1097 3583 1333 3714; x_wconf 64' lang='lat' dir='ltr'><strong>‘Strabolflt</strong></span> <span class='ocrx_word' id='word_1_266' title='bbox 1362 3643 1496 3731; x_wconf 79' lang='lat' dir='ltr'><strong>p.387.;</strong></span> <span class='ocrx_word' id='word_1_267' title='bbox 1533 3643 1619 3710; x_wconf 87' lang='lat' dir='ltr'><strong>addc</strong></span> <span class='ocrx_word' id='word_1_268' title='bbox 1644 3645 1727 3736; x_wconf 80' lang='lat' dir='ltr'><strong>Scy-</strong></span> 
     </span>
     <span class='ocr_line' id='line_1_31' title="bbox 412 3667 1727 3828; baseline 0 -31"><span class='ocrx_word' id='word_1_269' title='bbox 412 3753 518 3798; x_wconf 89' lang='lat' dir='ltr'><strong>muum</strong></span> <span class='ocrx_word' id='word_1_270' title='bbox 547 3727 609 3796; x_wconf 85' lang='lat' dir='ltr'><strong>Cb.</strong></span> <span class='ocrx_word' id='word_1_271' title='bbox 632 3751 658 3792; x_wconf 86' lang='grc' dir='ltr'><strong>ι.</strong></span> <span class='ocrx_word' id='word_1_272' title='bbox 675 3725 739 3793; x_wconf 82' lang='grc'><strong>324</strong></span> <span class='ocrx_word' id='word_1_273' title='bbox 760 3738 794 3794; x_wconf 90' lang='lat' dir='ltr'><strong>et</strong></span> <span class='ocrx_word' id='word_1_274' title='bbox 808 3667 960 3828; x_wconf 57' lang='lat' dir='ltr'><strong>bolinum⁶</strong></span> <span class='ocrx_word' id='word_1_275' title='bbox 982 3729 1131 3816; x_wconf 63' lang='lat' dir='ltr'><strong>capa),</strong></span> <span class='ocrx_word' id='word_1_276' title='bbox 1165 3731 1282 3797; x_wconf 87' lang='lat' dir='ltr'><strong>scimus</strong></span> <span class='ocrx_word' id='word_1_277' title='bbox 1313 3748 1387 3796; x_wconf 82' lang='lat' dir='ltr'><strong>vero</strong></span> <span class='ocrx_word' id='word_1_278' title='bbox 1414 3727 1604 3796; x_wconf 85' lang='lat' dir='ltr'><strong>Heraclidas</strong></span> <span class='ocrx_word' id='word_1_279' title='bbox 1632 3731 1727 3796; x_wconf 86' lang='lat' dir='ltr'><strong>etiam</strong></span> 
     </span>
     <span class='ocr_line' id='line_1_32' title="bbox 411 3811 1727 3894; baseline -0.002 -12"><span class='ocrx_word' id='word_1_280' title='bbox 411 3815 566 3882; x_wconf 80' lang='lat' dir='ltr'><strong>Achaicus</strong></span> <span class='ocrx_word' id='word_1_281' title='bbox 594 3811 787 3879; x_wconf 85' lang='lat' dir='ltr'><strong>inhabitasse</strong></span> <span class='ocrx_word' id='word_1_282' title='bbox 807 3815 921 3894; x_wconf 84' lang='lat' dir='ltr'><strong>urbes,</strong></span> <span class='ocrx_word' id='word_1_283' title='bbox 952 3822 997 3878; x_wconf 86' lang='lat' dir='ltr'><strong>rta</strong></span> <span class='ocrx_word' id='word_1_284' title='bbox 1018 3823 1054 3879; x_wconf 92' lang='lat' dir='ltr'><strong>ut</strong></span> <span class='ocrx_word' id='word_1_285' title='bbox 1074 3812 1179 3879; x_wconf 85' lang='lat' dir='ltr'><strong>Ovidii</strong></span> <span class='ocrx_word' id='word_1_286' title='bbox 1199 3813 1354 3894; x_wconf 89' lang='lat' dir='ltr'><strong>narratio,</strong></span> <span class='ocrx_word' id='word_1_287' title='bbox 1408 3836 1480 3880; x_wconf 90' lang='lat' dir='ltr'><strong>nam</strong></span> <span class='ocrx_word' id='word_1_288' title='bbox 1501 3813 1658 3882; x_wconf 90' lang='lat' dir='ltr'><strong>immerito</strong></span> <span class='ocrx_word' id='word_1_289' title='bbox 1679 3815 1727 3881; x_wconf 91' lang='lat' dir='ltr'><strong>in-</strong></span> 
     </span>
     <span class='ocr_line' id='line_1_33' title="bbox 293 3895 1728 3986; baseline 0.001 -20"><span class='ocrx_word' id='word_1_290' title='bbox 293 3957 311 3966; x_wconf 66' lang='lat'><strong><em>„</em></strong></span> <span class='ocrx_word' id='word_1_291' title='bbox 365 3967 374 3976; x_wconf 72' lang='grc'><strong>,</strong></span> <span class='ocrx_word' id='word_1_292' title='bbox 412 3901 554 3986; x_wconf 82' lang='lat' dir='ltr'><strong>fringere</strong></span> <span class='ocrx_word' id='word_1_293' title='bbox 583 3895 690 3964; x_wconf 88' lang='lat' dir='ltr'><strong>studet</strong></span> <span class='ocrx_word' id='word_1_294' title='bbox 710 3898 832 3964; x_wconf 87' lang='lat' dir='ltr'><strong>Welclr.</strong></span> <span class='ocrx_word' id='word_1_295' title='bbox 861 3898 892 3962; x_wconf 90' lang='lat' dir='ltr'><strong>in</strong></span> <span class='ocrx_word' id='word_1_296' title='bbox 921 3896 1053 3984; x_wconf 81' lang='lat' dir='ltr'><strong>Proleg.</strong></span> <span class='ocrx_word' id='word_1_297' title='bbox 1075 3897 1117 3964; x_wconf 89' lang='lat' dir='ltr'><strong>ad</strong></span> <span class='ocrx_word' id='word_1_298' title='bbox 1146 3897 1298 3986; x_wconf 77' lang='lat' dir='ltr'><strong>&#39;l&#39;beogm</strong></span> <span class='ocrx_word' id='word_1_299' title='bbox 1328 3899 1427 3986; x_wconf 74' lang='lat' dir='ltr'><strong>pt.</strong></span> <span class='ocrx_word' id='word_1_300' title='bbox 1454 3910 1518 3966; x_wconf 84' lang='lat' dir='ltr'><strong>not.</strong></span> <span class='ocrx_word' id='word_1_301' title='bbox 1535 3902 1587 3966; x_wconf 89' lang='grc'><strong>66.</strong></span> <span class='ocrx_word' id='word_1_302' title='bbox 1617 3912 1728 3967; x_wconf 85' lang='lat' dir='ltr'><strong>contm</strong></span> 
     </span>
     <span class='ocr_line' id='line_1_34' title="bbox 413 3981 1727 4073; baseline 0 -23"><span class='ocrx_word' id='word_1_303' title='bbox 413 3984 528 4051; x_wconf 87' lang='lat' dir='ltr'><strong>Odofr.</strong></span> <span class='ocrx_word' id='word_1_304' title='bbox 548 3981 750 4061; x_wconf 82' lang='lat' dir='ltr'><strong>Muellerum,</strong></span> <span class='ocrx_word' id='word_1_305' title='bbox 783 3982 863 4047; x_wconf 91' lang='lat' dir='ltr'><strong>Dor.</strong></span> <span class='ocrx_word' id='word_1_306' title='bbox 878 3982 903 4047; x_wconf 93' lang='lat' dir='ltr'><strong>I.</strong></span> <span class='ocrx_word' id='word_1_307' title='bbox 932 4003 962 4067; x_wconf 90' lang='lat' dir='ltr'><strong>p.</strong></span> <span class='ocrx_word' id='word_1_308' title='bbox 978 3983 1067 4062; x_wconf 63' lang='lat'><strong>127„</strong></span> <span class='ocrx_word' id='word_1_309' title='bbox 1101 4003 1164 4048; x_wconf 92' lang='lat' dir='ltr'><strong>non</strong></span> <span class='ocrx_word' id='word_1_310' title='bbox 1194 3983 1285 4064; x_wconf 84' lang='lat' dir='ltr'><strong>ficta,</strong></span> <span class='ocrx_word' id='word_1_311' title='bbox 1316 3981 1436 4050; x_wconf 83' lang='lat' dir='ltr'><strong>sed-ex</strong></span> <span class='ocrx_word' id='word_1_312' title='bbox 1458 3984 1592 4071; x_wconf 85' lang='lat' dir='ltr'><strong>antiquis</strong></span> <span class='ocrx_word' id='word_1_313' title='bbox 1612 3983 1727 4073; x_wconf 87' lang='lat' dir='ltr'><strong>mytbis</strong></span> 
     </span>
     <span class='ocr_line' id='line_1_35' title="bbox 414 4065 1727 4156; baseline 0 -23"><span class='ocrx_word' id='word_1_314' title='bbox 414 4069 510 4136; x_wconf 89' lang='lat' dir='ltr'><strong>libata</strong></span> <span class='ocrx_word' id='word_1_315' title='bbox 543 4087 616 4133; x_wconf 85' lang='lat' dir='ltr'><strong>esse</strong></span> <span class='ocrx_word' id='word_1_316' title='bbox 643 4065 795 4132; x_wconf 81' lang='lat' dir='ltr'><strong>rideatur.</strong></span> <span class='ocrx_word' id='word_1_317' title='bbox 852 4067 1042 4156; x_wconf 78' lang='lat' dir='ltr'><strong>conjunctio</strong></span> <span class='ocrx_word' id='word_1_318' title='bbox 1072 4067 1208 4134; x_wconf 81' lang='lat' dir='ltr'><strong>Archiae</strong></span> <span class='ocrx_word' id='word_1_319' title='bbox 1236 4065 1430 4134; x_wconf 86' lang='lat' dir='ltr'><strong>Heraclidae</strong></span> <span class='ocrx_word' id='word_1_320' title='bbox 1464 4073 1535 4133; x_wconf 87' lang='lat' dir='ltr'><strong>cnm</strong></span> <span class='ocrx_word' id='word_1_321' title='bbox 1567 4067 1727 4156; x_wconf 88' lang='lat' dir='ltr'><strong>Myscello,</strong></span> 
     </span>
     <span class='ocr_line' id='line_1_36' title="bbox 392 4147 1727 4241; baseline 0 -23"><span class='ocrx_word' id='word_1_322' title='bbox 392 4153 558 4241; x_wconf 59' lang='lat' dir='ltr'><strong>apollinis</strong></span> <span class='ocrx_word' id='word_1_323' title='bbox 589 4151 752 4218; x_wconf 90' lang='lat' dir='ltr'><strong>oraculum</strong></span> <span class='ocrx_word' id='word_1_324' title='bbox 789 4149 881 4236; x_wconf 80' lang='lat' dir='ltr'><strong>(vide</strong></span> <span class='ocrx_word' id='word_1_325' title='bbox 910 4152 1004 4218; x_wconf 89' lang='lat' dir='ltr'><strong>etiarn</strong></span> <span class='ocrx_word' id='word_1_326' title='bbox 1032 4152 1222 4218; x_wconf 84' lang='lat' dir='ltr'><strong>Dicaearch.</strong></span> <span class='ocrx_word' id='word_1_327' title='bbox 1245 4174 1296 4241; x_wconf 91' lang='lat' dir='ltr'><strong>ap.</strong></span> <span class='ocrx_word' id='word_1_328' title='bbox 1313 4151 1427 4218; x_wconf 87' lang='lat' dir='ltr'><strong>Jambl.</strong></span> <span class='ocrx_word' id='word_1_329' title='bbox 1454 4147 1486 4239; x_wconf 83' lang='lat'><strong>§.</strong></span> <span class='ocrx_word' id='word_1_330' title='bbox 1502 4151 1554 4216; x_wconf 80' lang='grc'><strong>52.</strong></span> <span class='ocrx_word' id='word_1_331' title='bbox 1577 4151 1665 4239; x_wconf 66' lang='lat' dir='ltr'><strong>bd),</strong></span> <span class='ocrx_word' id='word_1_332' title='bbox 1694 4154 1727 4218; x_wconf 88' lang='lat' dir='ltr'><strong>in</strong></span> 
     </span>
     <span class='ocr_line' id='line_1_37' title="bbox 414 4233 1727 4326; baseline 0.002 -24"><span class='ocrx_word' id='word_1_333' title='bbox 414 4235 581 4302; x_wconf 82' lang='lat' dir='ltr'><strong>fundandis</strong></span> <span class='ocrx_word' id='word_1_334' title='bbox 596 4236 737 4302; x_wconf 84' lang='lat' dir='ltr'><strong>Doricae</strong></span> <span class='ocrx_word' id='word_1_335' title='bbox 757 4236 888 4322; x_wconf 81' lang='lat' dir='ltr'><strong>originis</strong></span> <span class='ocrx_word' id='word_1_336' title='bbox 910 4235 1039 4304; x_wconf 88' lang='lat' dir='ltr'><strong>coloniis</strong></span> <span class='ocrx_word' id='word_1_337' title='bbox 1057 4237 1309 4316; x_wconf 88' lang='lat' dir='ltr'><strong>usitatissimum,</strong></span> <span class='ocrx_word' id='word_1_338' title='bbox 1331 4233 1417 4302; x_wconf 91' lang='lat' dir='ltr'><strong>baud</strong></span> <span class='ocrx_word' id='word_1_339' title='bbox 1436 4235 1532 4302; x_wconf 90' lang='lat' dir='ltr'><strong>dubie</strong></span> <span class='ocrx_word' id='word_1_340' title='bbox 1547 4235 1727 4326; x_wconf 76' lang='lat' dir='ltr'><strong>significant</strong></span> 
     </span>
     <span class='ocr_line' id='line_1_38' title="bbox 414 4321 777 4409; baseline -0.008 -22"><span class='ocrx_word' id='word_1_341' title='bbox 414 4322 538 4388; x_wconf 88' lang='lat' dir='ltr'><strong>Dorum</strong></span> <span class='ocrx_word' id='word_1_342' title='bbox 561 4321 777 4409; x_wconf 78' lang='lat' dir='ltr'><strong>principatum.</strong></span> 
     </span>
     <span class='ocr_line' id='line_1_39' title="bbox 348 4403 1726 4558; baseline -0.001 -86"><span class='ocrx_word' id='word_1_343' title='bbox 348 4405 463 4492; x_wconf 80' lang='lat' dir='ltr'><strong>2)1)a</strong></span> <span class='ocrx_word' id='word_1_344' title='bbox 492 4407 552 4474; x_wconf 88' lang='lat' dir='ltr'><strong>situ</strong></span> <span class='ocrx_word' id='word_1_345' title='bbox 584 4417 616 4472; x_wconf 82' lang='lat' dir='ltr'><strong>et</strong></span> <span class='ocrx_word' id='word_1_346' title='bbox 645 4404 799 4471; x_wconf 86' lang='lat' dir='ltr'><strong>hodierno</strong></span> <span class='ocrx_word' id='word_1_347' title='bbox 831 4415 915 4472; x_wconf 82' lang='lat' dir='ltr'><strong>statu</strong></span> <span class='ocrx_word' id='word_1_348' title='bbox 945 4406 1032 4474; x_wconf 88' lang='lat' dir='ltr'><strong>urbis</strong></span> <span class='ocrx_word' id='word_1_349' title='bbox 1064 4405 1246 4558; x_wconf 44' lang='grc' dir='ltr'><strong>ἓθοιιοιιε)</strong></span> <span class='ocrx_word' id='word_1_350' title='bbox 1279 4403 1515 4492; x_wconf 81' lang='lat' dir='ltr'><strong>elegantissime</strong></span> <span class='ocrx_word' id='word_1_351' title='bbox 1547 4406 1617 4554; x_wconf 54' lang='lat' dir='ltr'><strong>cpit</strong></span> <span class='ocrx_word' id='word_1_352' title='bbox 1644 4407 1726 4474; x_wconf 90' lang='lat' dir='ltr'><strong>Just.</strong></span> 
     </span>
    </p>
   </div>
   <div class='ocr_carea' id='block_1_7' title="bbox 411 4483 1727 4666">
    <p class='ocr_par' dir='ltr' id='par_1_8' title="bbox 411 4483 1727 4666">
     <span class='ocr_line' id='line_1_40' title="bbox 411 4483 1727 4580; baseline -0.003 -22"><span class='ocrx_word' id='word_1_353' title='bbox 411 4483 611 4558; x_wconf 82' lang='lat' dir='ltr'><strong>&#39;Pommasini</strong></span> <span class='ocrx_word' id='word_1_354' title='bbox 636 4491 756 4575; x_wconf 90' lang='lat' dir='ltr'><strong>(Henr.</strong></span> <span class='ocrx_word' id='word_1_355' title='bbox 772 4488 956 4578; x_wconf 85' lang='lat' dir='ltr'><strong>Westpbal)</strong></span> <span class='ocrx_word' id='word_1_356' title='bbox 988 4493 1038 4559; x_wconf 88' lang='lat' dir='ltr'><strong>in:</strong></span> <span class='ocrx_word' id='word_1_357' title='bbox 1090 4491 1332 4580; x_wconf 69' lang='lat' dir='ltr'><strong>patriergang</strong></span> <span class='ocrx_word' id='word_1_358' title='bbox 1358 4489 1470 4557; x_wconf 76' lang='lat' dir='ltr'><strong>durch</strong></span> <span class='ocrx_word' id='word_1_359' title='bbox 1488 4490 1573 4558; x_wconf 77' lang='lat' dir='ltr'><strong>(lala</strong></span> <span class='ocrx_word' id='word_1_360' title='bbox 1598 4491 1673 4557; x_wconf 82' lang='lat' dir='ltr'><strong>rien</strong></span> <span class='ocrx_word' id='word_1_361' title='bbox 1695 4513 1727 4555; x_wconf 89' lang='grc' dir='ltr'><strong>ιι.</strong></span> 
     </span>
     <span class='ocr_line' id='line_1_41' title="bbox 413 4575 1654 4666; baseline -0.006 -22"><span class='ocrx_word' id='word_1_362' title='bbox 413 4577 523 4666; x_wconf 81' lang='lat' dir='ltr'><strong>Apul.</strong></span> <span class='ocrx_word' id='word_1_363' title='bbox 554 4575 957 4663; x_wconf 74' lang='lat' dir='ltr'><strong>p.162.1oalt59.175.</strong></span> <span class='ocrx_word' id='word_1_364' title='bbox 1650 4583 1654 4590; x_wconf 88' lang='grc'><strong>’</strong></span> 
     </span>
    </p>
   </div>
   <div class='ocr_carea' id='block_1_8' title="bbox 0 0 2219 5306">
    <p class='ocr_par' dir='ltr' id='par_1_9' title="bbox 0 0 2219 5306">
     <span class='ocr_line' id='line_1_42' title="bbox 0 0 2219 5306; baseline 0 0"><span class='ocrx_word' id='word_1_365' title='bbox 0 0 2219 5306; x_wconf 95' lang='lat' dir='ltr'><strong> </strong></span> 
     </span>
    </p>
   </div>
  </div>
 </body>
</html>
