4428 5306
769 609 1194 688 “-95-.

298 829 357 978 ι·
370 777 657 979 etsta
674 796 1155 1004 castratam,
1179 799 1723 976 'rttrttrsusts
1786 813 1802 894 ³

298 931 554 1102 diviuavquae
571 931 642 1103 1per
667 929 834 1076 ducedtos
847 954 930 1073 ‘fere
954 1021 1065 1070 annos
1088 923 1295 1071 mecnedssu
1320 1011 1459 1074 steterat
1483 929 1725 1105 (duraturos

301 1107 387 1179 dicit
411 1108 557 1206 Seymn.
588 1105 657 1179 Cb.
684 1131 721 1177 v.
746 1099 878 1204 558),
907 1100 1062 1174 funditus
1083 1097 1266 1172 deleretur.
1321 1101 1482 1174 Tantum
1499 1104 1607 1176 valuit
1623 1105 1726 1176 luxus

302 1208 563 1305 etypetulantia.
619 1204 748 1282 Strabo
773 1204 799 1275 1.
821 1205 847 1276 l.
874 1203 946 1275 vid.
973 1225 1091 1298 supra.
1145 1197 1285 1273 Bellum
1309 1197 1378 1275 boc
1395 1215 1530 1303 gestum
1555 1217 1607 1277 est
1633 1205 1727 1278 circa

303 1307 366 1380 01.
403 1307 577 1400 LXVII,
604 1305 646 1380 5.
674 1332 718 1380 ex
740 1306 909 1397 Diodori,
946 1306 1008 1401 qui
1031 1301 1128 1376 solus
1156 1313 1308 1401 tempora
1334 1303 1542 1405 adscripsit,
1579 1307 1725 1396 ratione,
1770 1385 1775 1400 y

303 1408 376 1480 vid.
404 1409 504 1501 XII,
539 1406 605 1480 ll).
646 1407 694 1480 cf.
727 1407 807 1501 xl,
830 1404 908 1478 90.
964 1403 1081 1477 Bentl.
1117 1402 1160 1476 de
1192 1415 1260 1477 aet.
1292 1403 1446 1504 Pythag.
1495 1433 1532 1504 p.
1554 1404 1623 1479 40.
1659 1405 1725 1480 11.

284 1509 435 1609 'lleynii
461 1509 599 1607 Opusc.
629 1510 752 1580 T.11.
787 1535 824 1606 p.
844 1504 937 1584 157.
1632 1512 1634 1520 '

318 1655 322 1670 ·
416 1612 593 1708 Tempora
615 1635 732 1682 remur
756 1609 958 1688 Italicarum
985 1608 1015 1682 sl
1038 1603 1317 1696 consideramus,
1353 1607 1526 1704 simulque
1553 1605 1727 1686 cumillis

304 1709 482 1784 historiam
508 1713 681 1783 societmis
707 1710 964 1810 Pythagoricae
990 1707 1222 1797 conferimus,
1251 1705 1385 1778 nullum
1403 1733 1484 1780 sane
1500 1720 1726 1802 momentum,

302 1815 340 1884 in
367 1811 593 1910 quodquam
626 1809 887 1910 diligentissime
921 1809 1119 1882 intendatur
1144 1809 1299 1900 animus,
1343 1807 1481 1907 dignius
1519 1811 1724 1908 reperimus,

303 1937 409 2011 quam
432 1937 504 2008 quo
529 1923 629 2007 capta
655 1911 783 2010 Sybari
809 1935 924 1983 rerum
954 1908 1192 1984 novandarum
1214 1912 1431 1982 occasionem
1452 1909 1512 1982 diu
1538 1912 1728 2008 quaesitam

304 2015 372 2085 sibi
406 2011 521 2082 &tam
553 2012 618 2082 rati
645 2024 737 2084 'sunt
771 2013 1011 2102 Crotoniatae,
1049 2022 1084 2083 et
1108 2022 1148 2082 ut
1172 2035 1268 2101 eam,
1308 2035 1413 2108 quam
1445 2024 1576 2114 mutato
1611 2039 1728 2084 rerum
1793 2061 1796 2076 ·
1881 2017 1908 2068 -'

259 2131 263 2136 '
303 2125 395 2186 statu
436 2123 652 2185 mutaverant
688 2109 901 2213 Pythagorei
931 2113 1078 2184 civitatis
1111 2109 1357 2210 gubernandae
1386 2113 1574 2205 rationem,
1619 2111 1728 2210 probe

304 2222 557 2312 cognoscamus
588 2237 631 2285 ac
661 2213 909 2311 dijudicemus,
955 2226 989 2286 et
1013 2224 1052 2284 ut
1079 2214 1286 2310 opinionum
1318 2225 1510 2286 commenta
1536 2217 1638 2286 nimis
1669 2215 1729 2286 diu

303 2327 442 2414 recepta
467 2315 688 2388 ostendamus
714 2326 749 2387 et
773 2303 999 2412 triplicemus.
1054 2313 1192 2384 Eversa‘
1215 2313 1344 2410 Sybari
1370 2341 1492 2410 agrum
1522 2318 1625 2386 armis
1649 2343 1729 2412 par·

302 2427 389 2509 tum,
418 2441 521 2514 quem
542 2414 676 2488 nobiles
693 2415 758 2486 sihi
778 2417 955 2486 vindicare
974 2413 1094 2483 solitos
1118 2433 1193 2482 esse
1214 2437 1318 2508 supra
1340 2413 1592 2504 adnotavimus,
1621 2441 1729 2510 quum
1814 2399 1840 2426 ³
1894 2395 1900 2409 ⁸
2051 2431 2058 2442 ·

302 2518 392 2590 inter
408 2542 517 2589 novos
541 2515 683 2586 colonos
700 2511 851 2584 sortibus
873 2510 982 2584 dividi
1005 2505 1446 2613 (κατοκλκρουχθιῖναι)
1469 2517 1731 2610 concupisceret

303 2609 415 2712 plebs,
445 2615 578 2686 lbrtiter
596 2613 794 2684 restiterunt
807 2611 1005 2708 philosophi
1022 2607 1216 2709 optimates.
1263 2607 1484 2712 Flagitarunt
1497 2612 1593 2684 haud
1608 2611 1726 2702 dubie,

303 2725 344 2785 ut
376 2726 540 2812 tanquam
580 2739 662 2812 ager
698 2712 860 2810 publicus
901 2738 984 2785 sune
1028 2711 1316 2786 administrationi
1352 2712 1607 2807 vindicaretur,
1657 2741 1730 2814 quo

262 2873 265 2880 .
304 2826 419 2886 tamen
443 2815 599 2912 specioso
623 2811 693 2886 sub
716 2815 855 2886 nomine
876 2814 1007 2886 sactum
1032 2811 1174 2905 luisset,
1216 2824 1255 2885 ut
1280 2813 1326 2884 ad
1347 2839 1447 2886 suum
1472 2817 1627 2912 ipsorum
1653 2829 1728 2890 tan·

22 3009 30 3020 ⁴
139 2911 142 2916 ¹
234 2944 237 2950 ·
305 2915 385 2988 dem
414 2915 576 2988 rediisset
610 2915 807 3000 factionem.
860 2916 959 2989 Inter
992 2901 1078 2987 baec
1105 2913 1293 2988 Crotonem
1320 2915 1466 3013 ‘reliquit
1490 2916 1725 3017 Pythagoras,
1779 2969 1783 2977 ,
1901 2953 1905 2960 ·

305 3027 400 3090 certo
420 3017 633 3116 prospiciens
657 3016 833 3089 infelicem
856 3043 974 3090 rerum
996 3027 1182 3108 eventum3
1225 3014 1298 3087 vid.
1327 3031 1458 3113 postea.
1513 3019 1730 3118 Pythagorei

305 3129 376 3189 tarn
405 3143 549 3190 numero
579 3117 838 3215 praevalentes,
875 3141 979 3212 quam
1006 3118 1099 3186 avito
1130 3113 1318 3188 nobilitatis
1349 3119 1487 3188 ncmine
1519 3121 1645 3211 erecti,
1687 3145 1732 3194 ne

305 3218 495 3316 quidquam
515 3216 559 3290 de
579 3242 644 3290 sno
655 3216 738 3315 jure
756 3215 969 3308 detrahatur,
996 3215 1140 3287 ulterius
1160 3233 1255 3286 nunc
1275 3217 1312 3286 in
1331 3217 1483 3289 consiliis
1508 3220 1730 3316 capessendis

305 3320 442 3418 evagati
462 3316 635 3388 videntur.
690 3315 836 3389 Scilicet
854 3318 892 3386 in
909 3315 1058 3388 Ninonis
1079 3317 1300 3389 accusatione
1314 3315 1549 3418 Pythagoreis
1567 3319 1635 3394 boc
1661 3323 1729 3396 cri·

306 3419 520 3510 minidatur,
543 3417 638 3514 quud
652 3417 772 3515 populi
786 3419 995 3490 concionem·
1006 3411 1174 3516 abroga're
1188 3415 1401 3492 studuerint:
1429 3417 1498 3499 καὶ
1511 3417 1729 3526 παρεκάλει

306 3517 472 3622 (Ninon),
495 3522 543 3591 ait
551 3517 775 3616 Apollonius,
798 3513 888 3614 μηδὲ
907 3517 977 3615 salv
992 3519 1120 3624 φωνιῖν
1138 3515 1359 3612 σι’νέχεσθιιι
1381 3521 1731 3614 συμβουλευόντων,

307 3615 407 3700 ἀλλ’
442 3619 724 3720 ἐνθυμεῖσθαι,
768 3612 859 3702 tata
897 3617 1133 3725 τοπαράπαν
1163 3611 1237 3720 οὐδ’
1267 3616 1315 3696 ἂν
1348 3622 1548 3712 συνῆλθον
1579 3621 1628 3704 εἰς
1660 3624 1732 3714 asir

307 3721 528 3818 tanhaeim,
548 3724 582 3800 si
602 3721 686 3803 rods
700 3719 864 3804 Χιλίσυέ
878 3723 1034 3804 ἔπεισαν
1054 3725 1184 3802 ἐκεῖνοι
1207 3725 1371 3822 κυρῶσσι
1395 3719 1466 3812 τήν
1489 3723 1730 3822 συμβουλήν·

306 3815 406 3905 ὥστε
440 3827 516 3905 τοῖς
549 3822 659 3904 aare?
695 3821 766 3918 asir
799 3821 950 3906 ἐκείνων
984 3815 1142 3920 δύναμιν
1175 3821 1451 3916 κεκωλυμένου
1479 3833 1556 3905 τῶν
1587 3821 1732 3907 ἄλλων

289 3921 454 4006 ’ἀκούειν
477 3921 518 4007 οὐ
542 3920 742 4031 προσήκειν
766 3929 835 4028 teir
861 3921 998 4030 adrosis
1024 3925 1157 4022 λέγειν
1187 3928 1281 4003 κτλ.
1314 3949 1372 4022 ap.
1399 3925 1534 4000 dambl.
1574 3931 1606 4023 ρ.
1629 3925 1726 4002 260.

307 4022 549 4126 Pythagoreos
588 4027 656 4101 hoc
699 4027 883 4100 consilium
922 4051 1042 4100 revera
1081 4027 1212 4125 cepisse
1249 4035 1286 4098 et
1326 4027 1520 4126 approbare
1558 4030 1731 4106 studuisse

307 4123 402 4198 niille
427 4129 530 4219 viris,
567 4139 675 4226 putet.
728 4127 802 4202 Sed
827 4153 896 4227 qua
927 4127 971 4200 de
995 4153 1099 4201 eausa
1125 4127 1263 4199 comitia
1289 4152 1358 4200 non
1385 4129 1537 4222 institui,
1565 4131 1627 4202 sed
1650 4157 1729 4204 sen-

309 4227 375 4298 slm
400 4223 531 4298 aboleri
556 4229 764 4302 voluerunt?
799 4231 873 4301 sine
898 4227 1005 4301 dubio
1030 4256 1074 4314 ne
1097 4226 1198 4327 plebs
1224 4241 1412 4301 convocata
1438 4233 1605 4303 concione
1630 4259 1729 4305 sena·

308 4339 383 4399 tum
418 4339 578 4424 cogeret,
615 4341 654 4400 ut
686 4357 808 4429 agrum
835 4328 1072 4430 Sybariticum
1101 4333 1138 4402 in
1168 4324 1331 4432 κλήρους
1356 4329 1575 4404 distribueret
1600 4346 1634 4406 et
1659 4333 1729 4404 sin·

310 4427 404 4527 gulis
441 4427 651 4524 adsignaret.
714 4431 864 4539 Scnptus
894 4441 957 4502 'aut
980 4429 1100 4530 rejecit
1125 4431 1161 4502 id
1190 4440 1230 4500 ut
1254 4433 1355 4502 nimis
1381 4431 1633 4527 periculosum,
1671 4445 1731 4504 ant

309 4528 448 4604 occasio
476 4528 539 4602 illo
567 4527 684 4608 utendi
710 4532 742 4600 ei
767 4557 837 4605 non
863 4527 979 4606 oblata
1007 4545 1071 4605 est.
1126 4529 1297 4604 Videmus
1329 4532 1456 4630 igitur,
1489 4533 1730 4632 Pythagoreos

310 4641 391 4726 post
425 4631 658 4734 praeceptoris
689 4627 881 4706 discessum
912 4633 1055 4708 consilia
1089 4631 1226 4706 molitos
1262 4656 1337 4706 esse
1370 4636 1564 4731 perniciosa
1591 4645 1730 4706 sancet
