4428 5306
878 549 1138 690 5-8θῇ

296 745 433 823 Jamhl.
463 745 497 840 ξ.
526 740 626 816 257.
679 735 793 836 Quis,
823 765 972 840 555555,
999 749 1071 832 est,
1100 733 1163 838 qui
1187 737 1303 828 animo
1319 735 1407 810 hacc
1427 737 1544 832 omnia
1566 738 1725 814 recolens

277 835 368 923 'non
393 847 531 937 credat,
560 842 820 944 Pythagoram,
851 839 1142 941 quemadmodum
1166 838 1303 912 nullum
1328 840 1518 936 susceperit
1543 836 1724 938 publicum

296 975 447 1042 mnam,
472 949 531 1018 -ita
551 947 693 1018 omnino
717 943 805 1016 nihil
825 945 862 1014 in
886 941 1098 1041 reipublicae
1123 943 1235 1014 forma
1261 965 1326 1013 555
1352 942 1532 1012 immutare
1557 941 1725 1034 voluisse,

137 1129 146 1140 ,
295 1075 361 1122 nec
381 1073 503 1122 revera
521 1048 732 1136 immutasse,
764 1043 869 1141 idque
887 1043 942 1116 rel
959 1069 1035 1116 eam
1055 1039 1102 1115 ob
1125 1065 1281 1133 causam,
1309 1043 1353 1112 ne
1373 1043 1476 1114 nimis
1492 1040 1726 1138 periculosum

296 1149 487 1249 abrogandi
511 1158 679 1221 vetustate
701 1146 834 1218 sancita
859 1146 1013 1217 instituta
1035 1141 1230 1240 exemplum
1254 1140 1456 1239 praeheret,
1488 1167 1561 1240 quo
1585 1142 1727 1242 quidem
1748 1193 1752 1202 ·

228 1269 230 1278 ’
294 1250 455 1348 exemplo
485 1275 571 1322 usus
611 1247 748 1320 facilius
771 1271 813 1318 eo
838 1244 966 1318 adduci
997 1246 1164 1342 potuisset
1195 1241 1369 1341 populus,
1410 1254 1450 1314 ut
1473 1243 1629 1317 odiosam
1649 1243 1724 1341 jam

297 1353 545 1424 aristocratiam
561 1340 907 1451 (lucapeurcsglvn
931 1343 1102 1444 Apollon.
1131 1371 1189 1443 ap.
1213 1341 1349 1416 dambl.
1365 1341 1417 1446 §.
1433 1340 1551 1445 255.)
1582 1370 1724 1442 prorsus

297 1451 500 1553 infringeret
524 1461 771 1548 everteretque.
825 1451 918 1522 Nam
942 1447 1092 1546 populus
1113 1447 1280 1520 tenaciter
1301 1442 1458 1518 inhaeret
1482 1447 1602 1541 patriis
1626 1449 1723 1520 iusti·

296 1553 399 1644 tutis,
428 1577 494 1626 555
515 1551 560 1624 ab
585 1551 640 1623 his
660 1561 857 1642 amovetur,
887 1551 954 1621 nisi
978 1550 1129 1646 poesima
1146 1547 1419 1646 demagogcrmn
1443 1544 1550 1620 factio
1569 1548 1607 1618 in
1632 1545 1721 1644 opti·

295 1655 438 1724 matium
471 1653 749 1749 exstirpationem
776 1651 1045 1747 conspiraverit,
1082 1661 1118 1720 et
1150 1646 1288 1746 plebem
1321 1646 1438 1719 salluui
1462 1644 1629 1720 libertatis
1660 1673 1722 1744 spe
1756 1687 1760 1690 ·

295 1753 471 1850 implendo
491 1763 526 1825 et
546 1752 743 1824 deliniendo
767 1753 804 1826 in
829 1753 1027 1823 servitutem
1053 1748 1247 1822 abduxerit.
1294 1747 1375 1821 :sed
1400 1746 1562 1819 nolumus
1586 1748 1722 1822 silentio

294 1879 469 1951 premere,
502 1853 598 1950 quod
624 1851 726 1926 nobis
753 1851 921 1951 refragari
948 1851 1097 1923 videtur.
1151 1851 1329 1948 Diogenes
1353 1849 1401 1920 1..
1428 1848 1552 1940 tradit,
1585 1847 1720 1948 Pytha-

293 1948 1483 2151 ffilffliimffiiissn'iiff'ssffiilfflhfflffl
1498 1948 1722 2126 ‘effluit

295 2151 525 2246 Catanensem
555 2149 677 2227 Italiae
710 2153 920 2252 Siciliaeque
954 2179 1013 2226 eas
1052 2155 1272 2226 constituisse
1297 2163 1508 2227 memoratur
1533 2150 1718 2252 (Posiden.

294 2279 352 2353 ap.
371 2254 499 2328 Senes.
525 2255 640 2352 Epist.
659 2251 743 2328 XC.
772 2255 880 2328 Diod.
899 2254 1099 2346 sinam,
1124 2251 1193 2326 20.
1236 2253 1442 2328 Nicomach.
1462 2279 1521 2351 ap.
1538 2253 1719 2353 Porphyr.

294 2357 329 2450 §.
354 2352 420 2427 21.
447 2382 504 2452 up.
532 2353 667 2428 Jambl.
701 2355 733 2450 §.
754 2353 824 2427 55.
849 2351 943 2426 tot.
972 2353 1065 2424 150.
1091 2351 1185 2423 172.
1208 2355 1317 2450 Diog.
1345 2354 1465 2426 Laert.
1488 2354 1596 2446 VIII,
1618 2350 1717 2452 16.).

292 2457 530 2532 Dinaenrehus
553 2453 627 2556 (ap.
643 2453 823 2552 Porplt‘yr.
852 2456 886 2548 5.
906 2449 996 2552 56.)
1020 2463 1134 2524 autem
1156 2451 1291 2524 inducit
1314 2454 1542 2526 Locrensium
1564 2455 1716 2527 certiores

292 2557 536 2684 Pythagoram
560 2557 801 2679 adventaqtem
827 2554 1051 2682 adloqueqtes
1082 2551 1137 2680 lup
1169 2551 1307 2678 vqrbisz
1352 2551 1473 2678 rfp'rz'g,
1511 2541 1719 2686 ll‚ss„²'9“·

292 2645 1721 2862 5555.551τ55555555.35555

292 2889 373 2941 των
392 2855 662 2963 πειρασόμεθα
686 2859 811 2956 μένειν
830 2863 925 2941 κτλ.
976 2857 1083 2950 Quod
1100 2857 1145 2930 ad
1160 2859 1312 2958 primum
1329 2862 1449 2934 attinnt
1462 2859 1592 2953 locum,
1616 2885 1720 2958 quem

293 2964 330 3034 15
348 2964 577 3035 unanimum
596 2963 766 3052 sonuerit
781 2963 1005 3058 epitomator,
1032 2958 1193 3058 equidem
1211 2963 1314 3034 istam
1331 2957 1427 3033 illam
1446 2959 1721 3061 Pytlmgorioam
1823 3031 1833 3044 ,

294 3061 542 3161 legisluh'onem
580 3062 626 3134 nd
676 3062 900 3160 collegiorum
937 3059 1176 3132 tantummodo
1217 3057 1464 3134 insu'lutionem
1503 3061 1719 3135 referendam

231 3143 236 3160 ’
296 3187 441 3257 5555555
476 3187 542 3234 555
568 3163 711 3234 Zaleuci
741 3163 836 3260 leges
869 3159 1165 3257 Charondaeque,
1207 3163 1269 3258 qni
1293 3163 1331 3233 in
1364 3157 1587 3262 Pythagorae
1611 3164 1718 3236 tacito

294 3275 484 3361 sanctoque
505 3285 646 3336 recemu
664 3261 825 3333 didicisse
839 3259 922 3360 jura
943 3260 1119 3353 dicuntm·‚
1144 3273 1297 3334 nosnam
1310 3263 1514 3364 mnmntiam
1534 3262 1720 3362 explodere

296 3363 433 3457 valent3
473 3361 582 3442 multo
620 3364 712 3434 enim
743 3363 955 3460 antiquiores
989 3371 1072 3434 sumt
1095 3364 1173 3460 ipso
1198 3362 1417 3464 philosopho.
1471 3365 1557 3440 dam
1584 3391 1605 3436 a
1630 3365 1718 3438 Pto·
1756 3411 1761 3422 ι

124 3521 133 3538 .
295 3463 504 3538 lemaeorum
528 3462 630 3555 inde,
665 3472 705 3535 ut
728 3460 886 3557 videtur,
915 3473 1023 3536 aetate
1045 3461 1104 3534 hic
1129 3489 1227 3537 error
1252 3464 1447 3563 subrepsit,
1476 3465 1576 3563 cujus
1599 3477 1718 3538 aucto·

295 3589 370 3637 rem
404 3567 433 3636 si
458 3566 675 3662 quaerimus,
715 3561 810 3636 hand
834 3563 1016 3664 indignum
1048 3589 1087 3636 se
1115 3565 1214 3636 offert
1238 3566 1456 3664 Hermippus
1487 3566 1716 3664 Smyrnaeus,

254 3675 257 3683 '
294 3667 357 3762 qui
387 3666 490 3738 sicuti
522 3667 559 3736 in
590 3663 689 3736 libris
714 3663 757 3737 de
792 3665 995 3766 Pythagora
1020 3665 1127 3737 multa
1153 3665 1288 3741 allinxit
1315 3663 1522 3765 philosopho
1547 3666 1715 3758 inaudita,
1755 3749 1757 3756 Ι

156 3753 161 3760 ’
295 3768 347 3840 515
372 3768 408 3838 15
429 3791 532 3864 opere
558 3764 604 3838 de
624 3763 928 3864 legumlatoribus
963 3764 1052 3839 duos
1079 3764 1157 3838 illos
1183 3767 1277 3840 viros
1308 3769 1346 3840 in
1375 3793 1557 3841 numerum
1581 3767 1717 3866 Pytha·

295 3891 480 3966 goreorum
523 3865 685 3939 facillime
731 3863 927 3940 adscribere
974 3879 1121 3965 poterat.
1189 3868 1339 3968 Bentleji
1381 3869 1538 3942 calculus
1584 3868 1716 3957 docuit,

296 3967 439 4042 5515551
462 3967 711 4068 legisladonem
735 3965 887 4039 incidere
911 3967 1036 4043 15·01.
1061 3967 1220 4062 ΧΧΙΧ,
1254 3968 1462 4045 Charondae
1482 3980 1595 4043 autem
1620 3968 1718 4068 leges

296 4063 549 4144 Catanensibus
568 4095 609 4142 ac
625 4069 746 4143 ceteris
756 4065 968 4142 Chalcidicis
983 4069 1180 4142 civitatibus
1196 4070 1359 4172 (Scymn.
1370 4071 1440 4146 Cla.
1459 4099 1496 4142 v.
1507 4067 1590 4141 282
1601 4069 1719 4167 seqq.)

294 4169 470 4265 scriptas,
509 4171 572 4240 etsi
605 4197 723 4244 earum
755 4180 848 4244 aetas
880 4171 996 4246 minus
1032 4182 1127 4246 certo
1164 4171 1301 4246 deliniri
1332 4184 1445 4271 potest
1470 4179 1482 4222 ¹
1489 4171 1525 4269 ),
1571 4169 1719 4246 multum
1770 4258 1775 4268 Ι

271 4279 412 4341 -tamen
442 4267 664 4368 Pythagorae
694 4273 795 4344 aetati
818 4270 1041 4365 antecedere,
1083 4272 1175 4347 idem
1204 4275 1259 4346 vir
1281 4275 1500 4348 acutissimus
1524 4273 1607 4346 satis
1633 4295 1716 4345 coa·

297 4369 460 4475 lirmarit.
515 4367 574 4444 Cl'.
601 4370 719 4444 Bentl.
746 4372 843 4446 Dias.
872 4371 916 4447 de
941 4371 1086 4447 Phalur.
1114 4400 1152 4473 p.
1176 4372 1256 4451 187
1278 4401 1377 4476 seqq.
1428 4375 1549 4475 lleyn.
1577 4372 1713 4472 Opusc.

341 4597 380 4686 1)
403 4601 500 4669 Cleon
522 4599 572 4668 0l.
587 4598 662 4666 XL:
681 4621 736 4668 cas
756 4561 912 4673 institutas
934 4625 1007 4673 esse
1027 4615 1115 4696 putu.

1219 4651 1403 4782 12⁸
