4428 5306
538 1053 545 1076 ⁸
570 1045 573 1055 ’
682 1053 786 1128 llaec
806 1061 901 1147 sunt,
931 1077 1020 1152 quae
1044 1052 1088 1127 dc
1109 1051 1316 1154 philosopha
1339 1052 1655 1154 Pythagoricorum
1676 1039 1858 1156 disciplina
1880 1060 1939 1145 ex'·

519 1155 680 1263 ponenda
703 1157 886 1228 duximus:
922 1155 967 1227 ad
992 1137 1087 1227 aliud
1111 1182 1206 1228 nunc
1229 1157 1407 1258 dirigenda
1431 1167 1512 1228 sunt
1535 1155 1624 1228 vela.

545 1313 548 1322 .
620 1258 775 1332 Emenso
793 1256 985 1328 studiorum
1001 1281 1127 1348 cursu,
1155 1283 1258 1354 quem
1274 1285 1297 1330 a
1315 1259 1436 1354 primis
1455 1256 1617 1354 deinceps
1633 1259 1739 1330 initiis
1768 1257 1939 1334 ordientes

515 1363 566 1436 ra
586 1384 651 1433 nos
685 1356 889 1454 explanasse
914 1367 949 1430 et
970 1357 1159 1431 illustrasse
1192 1358 1416 1451 arbitramur,
1458 1367 1499 1428 ut
1535 1359 1705 1456 regendae
1742 1359 1938 1457 gubernan-

514 1461 651 1558 dasque
685 1456 897 1556 reipublicae
932 1457 1124 1530 doctrinam
1156 1467 1320 1556 tanquam
1361 1461 1398 1530 in
1435 1459 1525 1530 arcis
1559 1453 1737 1529 cacumine
1774 1453 1939 1534 tlcxuosis

513 1561 701 1661 impeditae
733 1561 863 1630 semitis
890 1561 1038 1657 positam
1071 1557 1342 1660 collocatamque
1367 1585 1431 1656 pro
1456 1555 1711 1658 Pythagoricae
1737 1559 1939 1656 disciplinae

512 1661 662 1761 fastigio·
693 1657 889 1732 habendam
919 1684 996 1731 csse
1023 1658 1292 1732 demonstratum
1331 1661 1397 1750 sit,
1436 1683 1519 1756 ape,
1563 1671 1600 1731 ut
1629 1659 1748 1732 ordine
1773 1660 1940 1756 procedat

476 1833 480 1842 ,
516 1760 734 1859 disquisitio,
770 1759 815 1831 ad
847 1757 1036 1832 secundam
1069 1773 1207 1833 nostrae
1239 1759 1403 1839 historiae
1435 1771 1568 1858 partem
1602 1785 1707 1858 snpra
1721 1777 1724 1784 '
1740 1759 1935 1858 altruptnm',

516 1887 606 1964 qnae
631 1864 668 1934 in
692 1858 935 1960 investigando
959 1858 1112 1958 Magnae
1137 1859 1305 1934 Graeciae
1331 1861 1529 1952 civitatum,
1567 1859 1731 1935 Crotonis
1763 1863 1935 1960 inprimis,

513 1973 627 2054 sum,
655 1959 769 2059 qualis
792 1959 1015 2060 Pythagorae
1040 1959 1191 2033 adventu
1215 1961 1345 2055 fuerat,
1371 1949 1596 2052 tersurus,
1624 1960 1804 2035 redeamus
1828 1963 1938 2033 conti·

515 2063 693 2140 nuendum
717 2059 1044 2158 ahsolvcndamque.
1097 2059 1243 2136 Scilicet
1274 2074 1430 2135 nostrum
1456 2085 1550 2133 nunc
1576 2073 1648 2155 cst,
1689 2059 1938 2161 discipulorum

559 2163 749 2260 acceptoris
771 2159 928 2233 doctrina
949 2160 1161 2260 cruditorum
1187 2171 1222 2234 ct
1241 2163 1457 2234 cxcrdtorum
1480 2159 1657 2234 cohortem
1679 2175 1719 2233 ut
1743 2164 1939 2236 societatem

514 2189 696 2340 himinum
738 2260 783 2333 ad
819 2285 875 2333 res
908 2260 1068 2360 publicas
1106 2259 1332 2334 moderandas
1365 2261 1597 2356 institutorum
1634 2263 1822 2334 arctissime
1855 2267 1939 2336 con'·

514 2375 663 2440 earam
695 2364 733 2434 in
770 2359 950 2458 publicum
986 2357 1177 2458 producere
1208 2371 1243 2434 et
1271 2359 1479 2460 inquirendo
1511 2359 1710 2452 ostendere,
1754 2387 1940 2458 quemnam

432 2515 435 2522 ·
517 2465 729 2540 obtinuerint
763 2461 816 2534 illi
846 2463 884 2534 in
916 2463 1053 2536 civitate
1084 2460 1202 2534 locum
1235 2455 1271 2535 ct
1302 2461 1476 2564 quomodo
1510 2472 1688 2559 praesente
1713 2463 1878 2560 magistro
1903 2465 1941 2534 in

515 2565 584 2641 hac
608 2589 647 2637 sc
667 2565 857 2662 gesserint,
896 2562 999 2636 simul
1025 2573 1064 2634 ut
1087 2573 1226 2659 pateat,
1264 2587 1450 2663 quamnam
1475 2561 1685 2662 reipublicae
1709 2561 1941 2636 conditionem

514 2679 550 2742 et
571 2666 718 2741 sormam
740 2662 939 2760 probaverit
961 2661 1204 2761 philosophus.

432 2769 438 2788 .
540 2862 541 2865 Ἴ
628 2779 689 2854 Ac
715 2777 936 2878 Pythagoras
970 2779 1132 2876 quidem,
1171 2779 1279 2878 quum
1310 2781 1450 2878 publice
1480 2779 1667 2879 prodiisset
1697 2792 1732 2855 ct
1752 2783 1937 2879 civitatem,

516 2907 624 2985 quam
645 2907 726 2952 cnm
747 2905 882 2950 morum
910 2880 1104 2975 corruptela
1129 2880 1262 2976 lapsam
1291 2893 1364 2953 tum
1389 2884 1533 2954 internis
1560 2881 1679 2980 populi
1703 2907 1783 2954 cum
1807 2889 1939 2984 princi-

465 3009 470 3022 ·
503 2983 621 3086 pibus
653 2981 738 3055 rixis
767 2976 1017 3076 discordiisquc
1049 2977 1231 3053 distentam
1263 2979 1370 3076 sidit,
1417 2993 1596 3072 sanasset,
1630 2981 1706 3052 fieri
1735 2983 1833 3055 aliter
1867 3010 1939 3059 non
2029 3037 2031 3040 -

516 3086 646 3188 potuit,
686 3107 790 3180 quam
823 3090 863 3152 ut
896 3105 1015 3152 eorum
1047 3083 1139 3178 parti
1168 3107 1206 3154 se
1240 3079 1416 3166 addiceret
1447 3083 1547 3180 quasi
1574 3093 1609 3152 ct
1639 3091 1876 3177 consecraret,
1917 3110 1938 3157 s

516 3184 646 3284 quihus
672 3185 837 3254 ctirenata
861 3178 960 3280 plebs
985 3182 1221 3254 coercebatur.
1274 3182 1443 3275 Quamuis
1469 3208 1585 3254 rerum
1609 3192 1717 3254 status
1742 3181 1939 3283 philosophi

517 3285 720 3358 auctoritate
750 3281 966 3377 aliquatenus
991 3282 1029 3352 in
1053 3282 1175 3355 melius
1200 3282 1362 3357 redactus
1386 3297 1481 3375 crat,
1521 3282 1582 3355 diu
1609 3293 1723 3355 tamen
1748 3285 1778 3356 is
1802 3309 1938 3384 perma-

473 3434 488 3466 x
517 3410 602 3460 nere
638 3409 710 3456 non
741 3381 865 3480 potuit.
919 3377 1024 3452 Clare
1053 3380 1091 3453 id
1124 3386 1300 3481 perspexit
1328 3385 1568 3484 Pythagoram
1608 3384 1791 3482 disciplina
1831 3387 1938 3486 ipitnr
1994 3432 1998 3444 .

517 3513 582 3560 sna
607 3495 647 3558 ut
670 3483 800 3557 civitati
821 3477 1069 3552 admiuicrdum
1094 3479 1191 3554 daret
1214 3483 1494 3578 stabilissimum,
1527 3485 1565 3556 iu
1589 3483 1626 3557 id
1650 3485 1801 3556 animum
1825 3485 1937 3560 intcn·
1996 3518 1999 3526 ·

516 3585 587 3662 dit.
646 3585 729 3677 Quo
765 3567 1068 3682 tempore'iloruit
1100 3581 1252 3658 Crotone
1283 3586 1453 3678 societas,
1495 3612 1540 3660 ex
1569 3585 1818 3660 trecenisierc
1852 3607 1959 3662 con·¹

367 3729 373 3738 ·
517 3687 631 3765 stabat
644 3683 832 3802 xsodalibus
854 3681 1004 3778 sodalitii
1026 3681 1116 3783 juris
1141 3697 1357 3762 sacramento
1380 3689 1479 3762 nexis
1504 3682 1689 3790 (Apellen.
1718 3711 1776 3788 ap.
1798 3687 1935 3762 «lambi.

629 3975 855 4130 Florilefie'l'.
875 3972 919 4044 ll.
953 3996 986 4066 p.
1008 3974 1200 4044 len-129.
1222 3975 1294 4045 164.
1324 3975 1395 4046 loa.
1418 3976 1611 4046 leo-lto.
1632 3975 1705 4042 275.
1725 3975 1798 4043 298.
1816 3975 1881 4043 313
1894 4011 1938 4030 -·

431 4123 469 4148 ,,
516 4079 520 4086 ’
627 4067 702 4136 826.
732 4067 750 4154 (
807 4083 894 4132 eren.
920 4059 952 4127 in
979 4059 1086 4126 Ideen
1112 4059 1168 4128 tib.
1198 4061 1234 4127 d.
1258 4063 1367 4128 Petit.
1388 4061 1430 4130 n.
1451 4061 1509 4128 ΠΙ.
1543 4085 1575 4149 p.
1593 4057 1687 4146 434.)
1730 4061 1857 4152 Chryso
1885 4061 1939 4128 oni

516 4161 521 4170 ’
626 4151 721 4220 etiam
745 4147 908 4219 Huiristc
931 4143 1236 4234 Psendepicharmia
1257 4145 1343 4234 (vid.
1358 4147 1492 4214 Aristus.
1512 4167 1562 4232 ep.
1585 4145 1696 4212 Athen.
1711 4145 1798 4214 xtv.
1824 4083 1937 4236 pit&

627 4235 689 4325 E.)
721 4257 760 4302 ex
785 4230 970 4322 Epicharmi
999 4233 1113 4320 (quem
1140 4242 1176 4300 nt
1202 4233 1334 4302 nothum
1355 4231 1565 4319 Pydragorae
1586 4229 1773 4318 discipulum
1803 4253 1843 4300 ex
1873 4231 1937 4298 hac

628 4320 761 4390 historia
781 4336 912 4406 prorsus
934 4337 992 4382 nos
1014 4315 1201 4396 exclusisse,
1229 4339 1322 4384 nemo
1344 4315 1483 4418 inprimis
1506 4326 1579 4405 post
1600 4318 1831 4404 circumspecte
1848 4314 1937 4381 insti·

624 4417 725 4475 tutem
753 4425 816 4470 nec
832 4400 923 4469 hobis
943 4401 1153 4488 improbatum
1173 4402 1332 4470 Welcireri
1354 4399 1601 4490 disquisitionem
1623 4397 1853 4504 reprehendet)
1880 4409 1963 4464 cc·-

625 4487 760 4558 moediis
777 4499 842 4557 tam
858 4485 993 4553 morales
1014 4487 1274 4575 quamsspoliticas
1294 4485 1466 4554 sententias
1485 4485 1515 4551 P
1574 4509 1722 4576 agericus
1744 4483 1938 4551 continuisse

616 4573 759 4646 tidetnr.
801 4571 875 4642 vid.
891 4569 1095 4662 Wcleiermn
1114 4572 1154 4641 in.
1167 4571 1268 4662 Aug.
1284 4570 1474 4642 Sclmlaeit.
1488 4573 1505 4639 1
1572 4571 1693 4642 .rn..lit.
1714 4585 1745 4661 p.
1758 4569 1833 4639 416.
1847 4591 1937 4658 seqq.
