4428 5306
1097 615 1148 634 ..-
1200 573 1255 649 74
1304 615 1356 632 .-

520 759 619 853 dere,
646 715 783 832 «lambi.
811 753 956 859 §.105
985 753 1197 834 222162.
1245 761 1290 833 ln'
1314 771 1408 834 tanta
1435 755 1672 864 symbolorum
1699 767 1819 863 eopia,
1848 793 1937 866 quae

432 949 437 972 1
518 861 743 962 Pythagorae
766 861 904 933 nominc
930 860 1244 955 circumferuntur,
1284 887 1366 934 vera
1397 863 1628 958 asuppositis
1662 875 1843 940 secernere
1858 873 1938 943 'non

517 974 570 1035 est
589 960 734 1034 humani
758 963 907 1059 ingenii,
944 960 1093 1059 plurima
1116 962 1478 1058 rel'eruntantiquam
1504 961 1672 1056 formam,
1721 995 1792 1040 non
1820 972 1937 1042 omnia

517 1065 699 1161 antiquum
732 1087 886 1134 sensum.
947 1062 1072 1160 ltaque
1110 1089 1256 1160 prorsus
1289 1087 1584 1160 supervacaneum
1620 1077 1802 1162 putenam,
1848 1097 1935 1142 non·

384 1192 388 1199 ·
516 1162 612 1235 nulla
636 1162 804 1235 hocloco
828 1185 1036 1262 congerere,
1067 1166 1269 1262 praesertim
1290 1191 1399 1260 quum
1422 1165 1628 1260 scriptores,
1663 1169 1837 1264 equibus
1862 1197 1935 1244 ser·

516 1276 595 1342 vata
623 1261 814 1336 haurienda
841 1273 941 1354 sunt,
974 1288 1057 1337 mox
1083 1264 1268 1338 indicaturi
1292 1268 1421 1358 simus3
1452 1275 1602 1350 attamen
1636 1290 1706 1363 quo
1726 1271 1764 1339 in
1798 1273 1935 1344 univer·

515 1391 594 1445 suna
616 1367 831 1462 pertineant,
859 1376 899 1436 nt
918 1363 1153 1459 declaremus,
1184 1391 1204 1436 a
1226 1363 1328 1438 nobis
1350 1366 1550 1464 requiritur.
1603 1367 1777 1440 ttnurem
1802 1369 1936 1444 scilicet

443 1457 449 1474 “
516 1477 550 1538 ct
567 1464 736 1564 justitiam
758 1489 939 1557 exercere,
968 1467 1292 1566 contrariamque,
1321 1465 1403 1539 deos
1423 1467 1637 1539 sanctissime
1659 1466 1785 1561 colere,
1809 1497 1933 1568 paren·

515 1578 567 1640 tes
600 1577 634 1640 et
660 1565 836 1640 beneficos
868 1591 953 1664 prae
986 1570 1108 1640 ceteris
1145 1568 1325 1658 adamare,
1365 1569 1494 1640 amicos
1527 1566 1670 1654 deorum
1695 1571 1806 1642 instar
1829 1597 1933 1644 vcnc·

515 1669 585 1740 rari
612 1668 894 1770 familiariterque
918 1693 998 1739 cum
1020 1669 1063 1740 iis
1084 1679 1120 1741 et
1146 1669 1364 1742 concorditer
1388 1669 1542 1757 versari,
1570 1670 1675 1740 vitam
1701 1670 1929 1764 luxuriosam,

515 1770 655 1843 mollem
682 1795 724 1842 ac
755 1793 832 1844 vno
862 1767 1041 1868 indrynam
1073 1770 1279 1868 profligare,
1317 1771 1354 1840 in
1383 1767 1544 1841 omnibus
1582 1771 1758 1868 antiquam
1783 1773 1934 1866 speciem
2082 1779 2088 1784 ’

514 1895 598 1968 prae
632 1895 670 1942 ae
702 1867 892 1942 screatibus
921 1868 1053 1942 ethices
1087 1871 1279 1968 praeceptis
1306 1868 1578 1941 commendatur.
1632 1869 1842 1944 Incredibile
1865 1881 1930 1968 est,

514 1968 611 2068 quod
631 1969 807 2043 Platonici
833 1967 993 2064 tradunt,
1030 1969 1269 2070 Pythagoram
1298 1967 1503 2068 symbolicis,
1522 1973 1715 2068 praeceptis
1739 1971 1824 2044 tales
1849 1969 1932 2044 sub·

502 2104 505 2134 ι
508 2069 635 2168 jecisse
683 2070 948 2169 explicationes,
994 2071 1115 2168 quales
1157 2072 1342 2144 memoriae
1373 2082 1456 2144 sunt
1491 2082 1737 2165 commatum
1785 2074 1933 2144 maxima

492 2165 608 2245 'enim
636 2195 681 2242 ex
707 2182 805 2268 parte
831 2169 976 2266 trigidae
1004 2175 1046 2242 ct
1067 2172 1203 2269 ineptae
1225 2182 1325 2260 sunt,
1362 2181 1466 2267 atque
1482 2171 1648 2265 'ipsorum
1670 2171 1934 2246 Platonicorum

514 2269 676 2344 ludibria.
704 2270 764 2345 Cf.
780 2269 915 2343 Jambl.
933 2267 971 2370 §-
983 2267 1051 2342 86.
1069 2272 1114 2367 ¹).
1148 2267 1390 2344 Incredibilius
1412 2279 1540 2360 autem,
1565 2272 1679 2365 ipsum
1695 2271 1933 2371 Pythagoram

374 2421 378 2436 ·
477 2433 481 2442 .
514 2371 687 2471 duplicem
713 2375 756 2444 iis
780 2369 1003 2472 supposuisse
1030 2397 1169 2444 sensam
1195 2363 1554 2474 (ἑπαμφρτερῖζειν),
1576 2370 1746 2443 moralem
1772 2372 1931 2466 alterum,

428 2489 430 2492 ’
514 2472 659 2548 alterum
682 2471 1178 2572 ,philosophico-religiosum,
1199 2483 1238 2545 ut
1259 2471 1318 2544 ille
1343 2471 1547 2562 exotericis,
1574 2467 1634 2546 hic
1654 2471 1832 2544 csotericis
1856 2484 1933 2544 tan·

513 2586 588 2655 rum
612 2587 755 2674 pateret.
791 2572 953 2650 Crenaer'.
982 2573 1177 2673 Symbolic.
1209 2573 1257 2646 Τ.
1277 2574 1309 2645 1.
1346 2599 1384 2670 p.
1412 2568 1514 2644 aaa..
1534 2570 1590 2646 cd.
1626 2597 1698 2645 sec.
1743 2573 1934 2648 Enimvero

512 2675 604 2749 hanc
621 2673 891 2749 'Aristotelicam
924 2673 1172 2771 discipularum
1199 2674 1402 2748 diuisionem
1425 2697 1567 2771 prorsus
1592 2671 1775 2771 ignorabat
1798 2673 1934 2774 Pytha·

514 2801 616 2876 qoras
639 2777 697 2872 ²),
733 2801 799 2848 nec
829 2801 850 2847 e
880 2775 986 2846 variis
1016 2777 1120 2850 unius
1149 2774 1299 2872 symboli
1328 2770 1615 2870 explicationibus
1641 2774 1804 2874 colligere
1830 2773 1933 2849 dehe-

515 2901 620 2967 mus,
651 2874 810 2996 'eandem
838 2873 1095 2993 ambiguitatem
1110 2873 1375 2994 philosophum
1386 2873 1547 2945 consulto
1572 2885 1758 3042 spectqssp.
1811 2874 1933 2999 H‘njus

515 2985 702 3052 sententiae
742 3001 881 3048 causam
913 2986 949 3048 ct
981 2985 1149 3050 rationem
1181 3001 1225 3049 ex
1257 2984 1434 3046 tutissimo
1466 2971 1626 3068 symboo
1658 2999 1735 3054 απο
1775 3004 1933 3068 scapos

515 3073 746 3201 defixae-bar
766 3078 936 3175 quaesivit
949 3074 1164 3197 premeres,
1200 3075 1295 3175 qnod
1313 3076 1440 3172 partim
1460 3072 1677 3194 diaeteticurn
1701 3075 1827 3171 purtim
1852 3074 1932 3148 reli.

513 3187 1437 3378 ffidmliilibdii‘liffii‘i'aiiffi
1458 3171 1935 3376 ..11111111ῗὲ

482 3393 667 3483 acptum.
734 3378 778 3453 si
804 3403 930 3476 operae
964 3381 1113 3475 pretium
1149 3379 1305 3454 facturus
1339 3403 1470 3468 essem,
1516 3386 1596 3474 octa
1633 3377 1795 3450 decemve
1826 3375 1932 3476 hujus

515 3481 663 3586 symboli
688 3479 937 3562 diversissimas
967 3477 1212 3578 explicationes
1240 3507 1260 3552 e
1287 3477 1360 3552 'roa
1387 3479 1588 3575 antiquitate
1613 3479 1824 3576 conquisitas
1850 3503 1930 3575 pro·

515 3797 608 3879 tum,
628 3712 775 3885 aqliibua
801 3707 993 3880 davbummhe
1014 3809 1134 3857 verum
1157 3709 1304 3858 srrlreshh
1331 3793 1433 3880 putes
1463 3781 1511 3879 1).
1701 3701 1772 3778 Im

561 4064 599 4146 1)
622 4059 789 4152 Ejusmodi
819 4058 1005 4125 commentis
1033 4055 1197 4126 Plutarchi
1219 4055 1444 4146 symposium,
1473 4053 1613 4142 inprimis
1635 4065 1741 4123 antem
1763 4038 1932 4126 Jamhlichi
2009 4117 2019 4124 .

621 4147 847 4236 Protrepticon
871 4141 993 4232 repleta
1016 4165 1102 4225 esse,
1129 4143 1212 4209 inter
1234 4163 1344 4208 omnes
1365 4147 1499 4208 constat.

555 4249 596 4336 2)
618 4247 704 4322 Quid
723 4249 765 4314 de
785 4245 903 4333 duplici
924 4245 1194 4312 Aristotelicorum
1216 4241 1369 4311 divisione
1390 4238 1593 4309 statuendum
1616 4239 1673 4322 sit,
1695 4225 1777 4310 bene
1798 4243 1931 4310 demon-

622 4345 703 4400 strat
722 4333 866 4399 Lobeck.
888 4331 919 4396 ia
938 4331 1093 4419 Aglaoph.
1124 4330 1165 4394 Τ.
1183 4329 1208 4394 1
1237 4349 1268 4416 p.
1285 4329 1346 4394 162
1368 4337 1401 4393 et
1423 4323 1495 4392 163.

557 4433 598 4524 3)
621 4433 773 4523 Symbola
793 4432 1013 4524 Pythagorica
1042 4455 1062 4497 n
1089 4429 1212 4580 populis
1234 4429 1447 4530 Orientalibus
1469 4428 1614 4497 derivant
1635 4428 1829 4496 recentiores
1850 4417 1932 4492 anti·

621 4517 749 4606 quitatis
767 4521 951 4606 scriptores
984 4515 1071 4603 (vid.
1100 4517 1184 4583 Pur.
1212 4511 1253 4579 de
1281 4511 1355 4579 Isrd.
1391 4539 1420 4667 p.
1440 4514 1514 4582 354.
1537 4514 1579 4581 1).
1622 4513 1736 4592 Jambl.
1765 4508 1930 4599 §.103.)‚

620 4603 707 4672 haud
729 4615 929 4693 reputantes,
948 4599 1076 4691 quando
1093 4623 1132 4669 ac
1153 4602 1291 4688 subque
1312 4621 1429 4690 popuo
1449 4599 1499 4668 illa
1519 4611 1593 4668 nata
1610 4599 1680 4666 sint
1723 4595 1932 4685 Pythagorae

1050 4737 1054 4744 .
1768 4711 1780 4744 ο
