4428 5306
869 607 921 624 ...
973 562 1027 654 27
1067 557 1130 621 ’,.

286 757 461 829 hominem
487 757 722 854 turpissimum
748 756 900 826 continet
924 749 1069 850 epistola
1091 748 1216 848 Lysidi
1243 747 1399 849 subjecta
1430 777 1493 852 ap..
1516 751 1709 852 alamblielr.

140 945 146 957 ·
289 855 407 928 75-
425 853 491 925 79.
554 856 627 929 sed
657 881 727 952 quo
765 855 903 926 taudem
938 851 1042 924 motlo
1072 849 1148 922 lieri
1184 861 1337 949 poterat,
1382 863 1421 923 ut
1453 852 1709 975 Hipparchum,

288 957 432 1056 Lysidis
458 956 636 1054 aequalem
661 967 696 1028 et
709 958 870 1045 amicum,
899 980 943 1026 ex
959 954 1120 1025 societate
1143 952 1374 1051 depellerent!
1428 953 1549 1052 Lysis,
1569 955 1712 1052 Epamr-

289 1057 424 1130 nondae
434 1069 647 1154 praeceptor,
661 1057 781 1128 saltem
800 1066 878 1127 ante
894 1055 955 1127 (ll.
967 1054 1168 1126 Lxxvtt
1188 1053 1342 1125 nondum
1357 1065 1458 1126 natus
1475 1065 1548 1127 erat
1574 1056 1712 1153 (dehoc

288 1160 361 1232 sid.
388 1157 453 1230 suh
478 1158 624 1256 barem),
666 1183 735 1256 quo
771 1168 924 1253 tempore
951 1155 1026 1252 jaan
1059 1153 1191 1225 dudum
1216 1154 1532 1252 Pythagoricorum
1569 1158 1712 1258 collegia

289 1259 500 1357 conflagrata
533 1285 598 1330 nee
629 1259 692 1330 ulli
727 1257 975 1354 discipulorum
1009 1255 1230 1328 consociandi
1269 1281 1307 1326 se
1335 1257 1371 1326 in
1410 1257 1563 1328 animum
1595 1261 1712 1332 venire
1862 1297 1892 1366 j,

288 1371 423 1459 poterat
455 1351 674 1433 eonsiliuml'
712 1359 770 1430 Ex
803 1383 952 1455 quanam
987 1359 1094 1456 igitur
1133 1358 1294 1429 societate
1335 1355 1499 1453 expulsus
1537 1370 1589 1431 est
1620 1360 1712 1458 Hip·

288 1460 465 1559 parchus?
510 1461 583 1533 Sed
604 1459 687 1558 quid
713 1458 826 1531 dicam
852 1457 895 1531 de
911 1457 1041 1532 Periali
1058 1456 1185 1528 Thurii
1212 1457 1336 1555 cippo?
1372 1482 1480 1555 quum
1497 1458 1712 1532 Thuriorum

156 1559 158 1564 ’
289 1561 372 1634 urbs
396 1560 457 1635 01.
478 1561 707 1652 LXXXIV,
736 1556 776 1630 2.
815 1560 954 1631 demum
975 1559 1118 1630 faurlata
1141 1560 1186 1630 sit
1215 1557 1283 1655 (ef.
1303 1557 1457 1630 Gliaton.
1486 1559 1582 1632 Fast.
1610 1561 1709 1633 Hell.
1780 1589 1801 1626 .’

288 1663 358 1734 tab.
387 1659 483 1736 445.
520 1664 557 1732 in
577 1658 745 1759 Appeml.
783 1686 819 1758 p.
844 1657 971 1756 588.).
1025 1657 1180 1750 Videtis,
1221 1685 1325 1760 qaam
1353 1656 1456 1756 longe
1484 1673 1637 1756 grassata
1667 1663 1712 1734 sit

288 1776 441 1837 veterum
464 1767 501 1835 in
524 1761 688 1862 fingendo
712 1761 871 1852 licentia,
910 1765 1015 1858 quam
1049 1761 1175 1851 etiam,
1210 1762 1240 1832 si
1273 1772 1389 1856 aperte
1411 1760 1546 1850 dicam,
1590 1763 1626 1832 in
1652 1761 1710 1834 illa
1734 1811 1742 1854 ζ

287 1863 405 1936 sabula
440 1863 483 1935 de
514 1861 762 1962 Pythagoricis
804 1860 1016 1958 cenotaphiis
1055 1873 1173 1932 notare
1212 1859 1355 1962 velim·
1395 1857 1467 1932 Sed
1502 1860 1568 1933 alia
1602 1863 1710 1935 mrssto
1853 1856 1861 1866 ’

285 1967 425 2063 gravior
454 1966 567 2036 existit
592 1965 747 2062 quaestio
773 1961 817 2034 (le
848 1963 1087 2036 communione
1112 1961 1304 2052 bonorum,
1355 1959 1454 2057 cujus
1488 1965 1588 2034 antea
1614 1989 1710 2035 men·

287 2068 412 2139 tionem
439 2067 611 2138 fecimus.'
651 2061 713 2136 Ab
740 2064 890 2160 antiquis
916 2089 1025 2162 usque
1051 2061 1094 2133 arl
1112 2072 1231 2173 nostra
1245 2074 1399 2159 tempora
1415 2061 1563 2142 obtinuit
1576 2067 1708 2162 opinio,
1771 2056 1775 2068 Α
1885 2027 1896 2171 Ι,

284 2167 507 2266 Pythagorae
532 2167 729 2242 societatem
754 2167 801 2237 ita
827 2161 935 2236 fuisse
961 2174 1216 2262 comparatam,
1264 2174 1302 2236 ut
1328 2161 1462 2236 sodales
1488 2191 1623 2238 omnem
1650 2193 1709 2264 pe·

254 2270 422 2340 -cuniam
467 2269 504 2338 in
547 2260 823 2339 communionem
869 2265 1086 2357 conferrent,
1147 2275 1323 2360 tamquam
1365 2263 1601 2338 firmissimum
1639 2293 1710 2364 quo

286 2370 605 2472 constringerentur
643 2369 812 2439 amicitiae
853 2365 1043 2436 vinculum.
1118 2364 1232 2436 Miror
1267 2367 1361 2436 viros
1396 2369 1709 2460 praestantissimos

284 2466 365 2542 huic
391 2469 527 2566 vulgari
551 2465 753 2538 rumusculo
777 2477 848 2533 tam
871 2463 931 2532 diu
954 2464 1073 2533 faciles
1098 2487 1200 2531 aures
1222 2461 1447 2556 praebuisse,
1485 2487 1614 2558 quum,
1643 2469 1709 2536 nisi

283 2593 326 2639 ex
351 2569 428 2640 aliis
453 2568 589 2637 indiciis
612 2563 823 2636 contrarium
848 2573 1046 2658 appareret,
1082 2560 1196 2664 ipsum
1219 2558 1440 2661 Pythagorae
1466 2563 1647 2636 consilium
1671 2565 1709 2637 id

284 2667 545 2739 demonstraret.
755 2743 763 2750 ,
978 2721 982 2728 .

290 2809 293 2818 ·
359 2764 563 2840 Periculum
601 2789 696 2835 nunc
741 2764 929 2855 faciamus,
958 2765 1089 2864 omnia
1119 2760 1214 2834 hunc
1249 2761 1354 2834 finem
1383 2767 1572 2860 spectantia
1605 2791 1711 2864 quam
1822 2797 1849 2816 v

283 2866 360 2938 lieri
384 2877 501 2963 potest
522 2865 776 2936 evidentissime
797 2864 994 2960 explanare.
1048 2864 1209 2934 Primum
1233 2865 1353 2961 optimi
1381 2866 1587 2962 scriptores,
1622 2893 1709 2965 quo·

285 2967 432 3038 ramale
458 2968 527 3037 vita
543 2964 767 3064 Pythagorae
793 2975 910 3036 extant
935 2964 1148 3062 fragmento,
1176 2960 1428 3056 Aristoxenus,
1455 2966 1707 3061 Dicaearchus,

286 3067 328 3140 de
360 3068 601 3140 communione
630 3065 801 3138 bonorum
831 3091 874 3138 ne
905 3063 1050 3136 verbum
1082 3065 1221 3160 quidem
1250 3064 1389 3160 dicunt,
1424 3068 1539 3163 potius
1566 3069 1709 3142 meliora

285 3193 348 3240 nos
381 3166 540 3240 edocent.
607 3161 645 3236 A
675 3166 954 3239 Ptolemaeorum
987 3165 1125 3236 rlemum
1157 3175 1311 3263 tempore
1343 3165 1388 3237 ad
1421 3164 1580 3262 ultimos,
1621 3193 1709 3267 quos

288 3271 466 3360 novimus,
511 3270 697 3365 scriptores
730 3267 837 3368 vulgo
870 3267 1009 3338 fovetur
1038 3265 1099 3336 illa
1127 3269 1308 3338 sententia.
1376 3267 1483 3340 Ratio
1514 3265 1565 3340 in‘
1583 3295 1624 3343 eo
1658 3283 1710 3344 est

287 3367 507 3464 quaerenda,
562 3367 657 3464 quod
698 3369 827 3463 posteri
864 3365 1110 3466 Pythagoricis
1150 3363 1340 3464 symbolis,
1393 3379 1511 3466 utpote
1547 3373 1708 3468 genuinis

286 3469 509 3568 Pythagorae
542 3470 734 3565 praeceptis
753 3463 1000 3557 inhaerentes,
1046 3478 1302 3563 praeposteram
1337 3493 1440 3564 saepe
1470 3470 1710 3567 supponebant
1739 3547 1742 3552 ,

286 3571 611 3667 interpretationem,
642 3567 740 3665 cujus
759 3565 853 3640 haud
874 3570 946 3640 seio
962 3594 1006 3639 an
1026 3569 1196 3666 insignius
1213 3570 1356 3664 reperiri
1374 3571 1481 3663 possit
1496 3571 1727 3668 exemplmn,.

209 3741 215 3750 ,
287 3695 391 3768 Qum
415 3669 502 3742 illud
525 3670 766 3754 intritissimo
791 3665 998 3767 proverbio:
1044 3667 1151 3748 uereri
1176 3665 1229 3746 rei
1261 3674 1337 3747 τῶν
1369 3667 1506 3770 φίλων.
1571 3671 1615 3741 ln
1641 3671 1710 3744 hoc

287 3771 369 3844 latet
398 3773 607 3845 inveteratus
633 3796 742 3843 error.
795 3769 1016 3868 Pythagoras
1048 3769 1115 3841 hoc
1147 3779 1331 3866 praecepto
1355 3769 1400 3840 ad
1425 3781 1579 3842 mutuam
1605 3769 1709 3845 hene·

288 3870 472 3961 solentiam
505 3874 542 3944 in
576 3870 723 3944 alterum
745 3876 830 3968 pari
859 3872 986 3941 virtute
1017 3870 1210 3966 praeditum
1243 3868 1508 3962 conferendam,
1549 3884 1589 3944 ut
1620 3901 1711 3948 unus

290 3969 350 4042 liat
382 3999 425 4046 ex
456 3971 634 4072 pluribus,
674 3969 849 4044 exhortari
877 3969 1057 4070 votutt1).
1111 3966 1261 4042 Aristot.
1292 3971 1412 4044 Ethic.
1434 3972 1513 4064 IX,
1537 3968 1577 4044 8.
1607 3970 1711 4074 (quas

289 4071 420 4171 proteat
442 4074 479 4146 h.
505 4075 531 4146 l.
560 4071 780 4179 πᾶροιμίας,
815 4069 1070 4170 Pythagoricus
1097 4069 1216 4171 puto).
1271 4069 1707 4172 Cie.deLegg.1‚12.

333 4346 372 4430 1)
393 4343 515 4416 Notum
537 4354 602 4423 est,
634 4340 719 4408 idem
739 4340 907 4429 pulchrum
929 4331 1136 4431 praeceptum
1154 4325 1380 4447 proposuisse,
1421 4350 1454 4428 ct
1473 4361 1510 4405 re
1530 4327 1597 4431 ipsa
1620 4365 1713 4432 prae·

392 4431 512 4498 stitisse
526 4428 721 4520 Cynicorum
743 4425 900 4494 scholam:
923 4421 1038 4498 πάντα
1062 4430 1130 4496 τῶν
1150 4455 1260 4514 rupae
1284 4431 1382 4509 eleae,
1404 4424 1571 4528 dicebant,
1593 4423 1711 4498 πάντα

392 4521 459 4584 τῶν
488 4517 581 4582 θεῶν
617 4521 697 4582 ἔστι·
741 4512 833 4596 φίλοι
870 4513 905 4581 δὲ
943 4526 1013 4589 τοῖς
1046 4526 1161 4596 σοφοῖς
1192 4521 1224 4582 ot
1251 4515 1343 4582 &solt
1374 4538 1472 4581 sowa
1503 4513 1537 4582 δὲ
1563 4513 1606 4580 sal
1646 4517 1713 4580 seir

393 4601 508 4687 pilae·
532 4592 648 4668 πάντα
678 4591 743 4685 ἄρα
764 4598 832 4665 rea
853 4598 976 4682 σοφῶν.
999 4596 1039 4663 el'.
1061 4595 1202 4686 Diogen.
1223 4599 1334 4666 batrt.
1356 4597 1419 4678 Vl,
1440 4595 1492 4662 72.

1240 4707 1269 4782 4
