4428 5306
714 493 1194 663 .“9Ᾰ-.’

254 734 395 848 gimine.
417 773 422 782 ·
451 747 584 846 Sponte
608 743 714 846 igitur
729 744 951 850 Pythagoras
970 748 1147 846 navigavit
1165 748 1202 818 in
1227 729 1491 820 atam'renam.
1513 737 1519 755 ’
1546 745 1677 820 Perre·

252 853 366 922 nimus
403 873 497 920 nune
535 847 580 919 ad
622 846 864 946 gravissimum
897 847 1120 948 Pythagorae
1165 849 1255 920 vitae
1299 857 1530 937 momentum,
1582 850 1677 944 quod

251 973 552 1048 unumquemque,
587 948 649 1044 qui
679 971 756 1021 norr
781 973 892 1047 aequo
926 951 1056 1021 animo
1072 948 1215 1020 humani
1247 949 1384 1046 generis
1415 946 1486 1020 sata
1516 951 1673 1046 suscipit,
1730 1009 1734 1018 .

247 1049 396 1122 ‘mirilico
422 1049 527 1122 afficit
552 1059 586 1120 et
610 1061 816 1122 commovet.
876 1050 1129 1148 Prosequimur
1155 1047 1400 1148 philosophum
1436 1049 1472 1118 in
1499 1050 1675 1146 regionem

250 1147 502 1242 discedentem,
537 1173 626 1248 quae
652 1148 801 1242 Samiis,
837 1149 1014 1224 mercandi
1037 1148 1318 1239 studiosissimis,
1352 1150 1426 1221 sine
1450 1146 1556 1218 dubio
1581 1147 1675 1222 lraud

247 1251 424 1350 incognita
457 1251 535 1324 luit
580 1250 628 1322 el.
657 1248 819 1347 Cleanth.
853 1277 910 1350 ap.
939 1250 1076 1348 Porph.
1112 1249 1149 1349 g.
1173 1245 1213 1320 2.
1274 1249 1408 1348 Magna
1442 1248 1502 1320 illa
1527 1247 1675 1322 Graecia

247 1363 342 1442 erat,
388 1375 493 1448 qrram
522 1349 590 1423 sibi
622 1350 772 1448 elegerat
803 1351 1058 1424 reformandam
1086 1349 1401 1447 exornandamque.
1462 1349 1674 1447 Priusquam

162 1493 165 1504 ι
246 1451 291 1521 ad
317 1452 383 1522 alia
403 1452 721 1550 transgrediamur,
757 1477 825 1549 qua
851 1463 961 1526 aetate
984 1449 1072 1524 illud
1096 1451 1228 1522 factum
1253 1453 1317 1542 sit,
1353 1448 1586 1524 deliniendum
1605 1465 1672 1526 est.

245 1549 375 1624 Cicero
401 1554 511 1652 tangit
533 1555 780 1650 saepenumero
803 1563 939 1651 turpem
965 1553 1131 1650 temporis
1156 1577 1307 1624 errorem
1330 1549 1372 1622 de
1397 1552 1513 1622 Numa
1538 1551 1672 1650 Pytha·

241 1677 352 1750 goreo
376 1651 433 1752 ¹),
449 1737 452 1748 Ι
469 1653 724 1725 evidentissime
755 1653 1023 1744 demonstravit,
1064 1652 1158 1724 hunc
1185 1677 1257 1724 non
1287 1650 1400 1724 solum
1427 1649 1569 1742 lictum,
1610 1655 1672 1724 sed

242 1755 347 1824 otiam
358 1755 528 1850 ‘immite
547 1751 762 1851 absurdeque
780 1753 913 1828 flamm.
968 1755 1073 1846 Nam,
1097 1761 1258 1851 quartum
1266 1751 1342 1850 jam
1359 1777 1488 1823 annum
1505 1755 1670 1850 regnante

227 1853 359 1944 'Lucio
391 1853 587 1950 Tarquinio
626 1852 808 1952 Superbo,
855 1851 1020 1952 Sybarim
1054 1864 1097 1926 'et
1132 1852 1320 1926 Crotonem
1352 1863 1387 1924 et
1424 1854 1480 1944 in,
1499 1877 1558 1924 eas
1599 1852 1668 1924 Ita·

241 1951 311 2025 liae
336 1963 450 2050 partes
470 1953 709 2052 Pythagoram
730 1957 866 2027 venisse
890 1956 1045 2051 reperiri.
1100 1951 1345 2051 Olympiadem
1366 1953 1458 2026 enim
1481 1952 1668 2026 secundam

240 2066 278 2126 et
304 2055 551 2151 sexagesimam
576 2053 718 2126 eandem
737 2053 890 2154 Superbi
912 2057 1013 2154 regni
1037 2056 1173 2126 initium
1198 2065 1233 2126 et
1251 2053 1473 2152 Pythagorae
1493 2052 1669 2128 declarare

241 2153 452 2246 adventum,
486 2179 599 2252 neque
622 2153 690 2227 hoc
714 2157 909 2248 intereos,
936 2156 998 2253 qui
1024 2155 1084 2226 dili
1153 2156 1281 2227 tissime
1304 2156 1476 2252 perseam
1500 2156 1569 2226 sint
1582 2166 1669 2228 tem-

236 2279 366 2350 porrun
392 2253 555 2345 annales,
593 2255 664 2328 ulla
694 2281 769 2329 esse
800 2283 849 2328 un
898 2281 954 2327 am
985 2258 1022 2327 in
1046 2255 1094 2326 du
1118 2257 1467 2330 itationeversatum.
1522 2254 1600 2328 Cio.
1626 2256 1670 2328 de

235 2355 335 2452 ch.
353 2355 405 2447 II,
432 2351 496 2428 15.
534 2354 669 2455 (Tuae.
699 2354 748 2448 Q.
778 2357 817 2449 I,
869 2355 929 2457 6.)
965 2355 1165 2448 Certissime
1197 2355 1322 2447 eredo,
1364 2355 1456 2427 hane
1490 2367 1666 2452 computa·

235 2457 369 2527 tionem
399 2480 442 2528 ex
465 2468 562 2554 parte
588 2451 799 2555 Apollodori
822 2455 1013 2528 rationibus
1039 2465 1310 2552 superstructum
1330 2479 1405 2526 esse
1426 2453 1477 2550 2).
1516 2457 1666 2530 Romani

285 2641 324 2724 1)
345 2641 398 2742 (ll.
429 2640 499 2706 cic.
529 2636 571 2701 de
599 2637 690 2702 Orat
707 2634 755 2712 Il,
775 2623 827 2702 dl.
853 2633 968 2738 'Pasa
993 2636 1056 2710 Qu.
1074 2591 1139 2712 IV,
1161 2635 1190 2700 l.
1219 2633 1356 2736 eundem
1384 2657 1526 2738 arrogem
1554 2647 1666 2744 optant

346 2723 415 2790 lav.
427 2723 459 2799 I,
485 2723 535 2788 18.
557 2720 694 2786 sortasse
713 2734 826 2786 eontra
843 2719 993 2788 Puonem
1015 2716 1361 2786 autValer.Ant1atem
1382 2720 1509 2806 (Livius
1524 2719 1597 2800 XL,
1611 2721 1665 2786 29.

348 2807 430 2872 Plin.
451 2805 493 2871 N.
511 2807 555 2872 fl.
570 2803 661 2870 XIII.
686 2805 773 2870 Seet.
786 2805 838 2869 27.
852 2804 920 2870 uid.
934 2805 1132 2870 Lachmann.
1153 2800 1196 2868 de
1218 2801 1356 2870 lontibus
1372 2803 1441 2869 Lis.
1462 2805 1664 2871 commentl.
1704 2815 1708 2822 '

348 2914 380 2978 p.
402 2887 474 2973 53.)
517 2889 650 2976 Dionys.
671 2887 776 2953 Helie.
795 2887 846 2966 11,
867 2891 975 2955 aava
995 2889 1081 2954 Plat
1102 2885 1199 2952 Num.
1232 2910 1262 2953 c.
1283 2889 1312 2952 1.
1344 2889 1397 2976 qui
1426 2887 1520 2955 aliurn
1541 2889 1663 2979 Pytha-

345 2995 463 3126 goram
488 2971 873 3074 Spartanumsnbstituit.
901 2971 963 3076 rid.
985 2971 1141 3039 Niebuhr.
1163 2971 1247 3038 Ilist
1268 2972 1364 3039 Rom.
1382 2973 1408 3038 1.
1441 2995 1472 3060 p.
1492 2973 1566 3042 Μ

282 3059 331 3196 ”’.
376 3077 536 3208 ...fuga
552 3055 1069 3208 tttt⁰¹¹at¹¹tttt¹⁰¹tttt
1085 3057 1259 3206 {tata
1279 3077 1359 3208 li?
1381 3066 1475 3208 “tt
1498 3057 1661 3208 litii).

346 3154 583 3327 ilhldtlldhrint,
620 3163 730 3292 tilde
763 3190 1059 3327 aodemhnstrare
1117 3223 1202 3324 Nam
1234 3161 1321 3312 tylos
1342 3165 1548 3316 'Alolloaorii
1565 3227 1660 3294 libros
1723 3229 1725 3238 ’

348 3312 528 3380 Chronioos
551 3311 667 3398 yambis
696 3321 893 3396 conscriptos
919 3331 993 3382 eum
1020 3324 1219 3396 excerpsisse
1246 3331 1399 3398 pernego.
1443 3308 1529 3385 Quid
1555 3311 1662 3378 enim?

350 3418 455 3462 nonne
472 3395 624 3462 historiae
639 3395 806 3460 Romanae
828 3419 1003 3485 συγχρονισ
1018 3389 1084 3471 ade,
1129 3415 1199 3458 uem
1219 3394 1362 3482 sequitur
1378 3394 1510 3476 Cicero,
1533 3397 1662 3463 obstat?

237 3549 241 3556 ,
351 3479 420 3548 Sed
449 3480 595 3562 luerunt,
639 3479 692 3566 qui
721 3501 761 3544 er
788 3477 890 3566 Epist.
919 3477 960 3543 ad
990 3423 1081 3545 letio.
1102 3415 1184 3558 lli,
1205 3479 1257 3544 23.
1286 3479 1353 3546 illas
1382 3481 1599 3547 excellentium
1630 3482 1661 3546 in

347 3576 485 3668 utraque
509 3575 616 3688 gentg‘
630 3563 792 3713 hominum
813 3574 1029 3714 moglrgentm
1051 3565 1234 3713 aetatgsagib
1242 3563 1661 3716 ΔΛέξοΙΙοάογὶῚοΙΙς-οιηροὸἰῑξῗ

349 3649 592 3800 tilttlt..
613 3649 920 3799 ἕῗιεῗὸἓῖἵέηέ
943 3667 1380 3818 tzt.:t}¹”:...·.....¹⁰tt
1396 3672 1663 3808 ...illlata

351 3813 404 3919 [P.
422 3817 578 3919 §sipiano
598 3754 698 3884 etit.
718 3813 870 3916 Mafeello
892 3809 1009 3906 Coss.].
1051 3811 1272 3917 Haeo,¹nunc
1293 3839 1432 3919 quaero,
1455 3840 1539 3908 quae
1564 3837 1663 3883 eausa

351 3900 471 3970 luent?
506 3900 549 3968 de
574 3903 704 3988 Oropo,
734 3920 865 3986 opnor,
896 3899 955 3968 red
983 3910 1107 3968 certum
1133 3905 1258 3967 nesciet
1289 3912 1338 3984 et,
1371 3925 1396 3969 sr
1417 3913 1462 3969 sta
1485 3915 1549 3982 est,
1580 3922 1664 3988 quae

353 3986 611 4056 controversiae?
650 3997 834 4074 praeterea,
874 3986 928 4086 qui
957 4006 997 4051 eo
1024 3996 1175 4087 ⁸tempore
1210 3984 1322 4054 nobilis
1345 3986 1532 4074 ‚Epicureus
1568 3985 1664 4051 fuerit

351 4072 499 4150 Athenis,
538 4071 591 4162 qiri
609 4069 792 4159 ‘praefuerit
819 4069 941 4136 homst
981 4092 1034 4157 qur
1065 4081 1161 4138 etiam
1190 4070 1333 4139 Athenis·
1349 4073 1516 4148 noliacum*
1547 4069 1664 4136 luerint
1804 4088 1807 4112 ¹

353 4155 508 4224 illustres?
535 4179 623 4244 quae
641 4166 674 4218 te
694 4155 803 4219 etiam
819 4175 861 4218 ex
877 4153 1083 4242 Apollodori
1098 4165 1184 4242 puto
1198 4179 1297 4243 posse
1312 4156 1498 4223 invenire?
1531 4155 1663 4221 Summa

353 4239 545 4328 quaestionis
577 4239 708 4306 vertitur
736 4239 768 4303 io
800 4238 920 4316 verbis,
962 4239 1033 4304 acri
1059 4249 1135 4306 tum
1163 4251 1215 4304 est
1232 4241 1280 4324 ,in
1313 4250 1373 4304 tuo
1402 4239 1547 4318 annali,-
1588 4261 1663 4306 num
1770 4255 1776 4262 '

353 4321 552 4413 Apollodori,
574 4324 617 4390 ad
633 4346 729 4411 quem
749 4335 862 4411 postea
883 4321 1013 4412 delegat
1027 4261 1181 4404 dtticum,
1200 4323 1345 4410 intelligit
1365 4323 1509 4392 annalem
1525 4325 1664 4391 Cicero?

353 4409 489 4477 minime.
532 4408 626 4476 Attici
646 4408 736 4489 hoo,
764 4406 957 4494 antiquitatis
978 4407 1143 4488 amatoris,
1169 4420 1218 4478 est
1239 4408 1399 4488 volumen,
1428 4408 1461 4474 in
1476 4430 1544 4496 ¹quo
1565 4419 1664 4478 totam

354 4495 586 4582 antiquitatem,
615 4515 710 4582 quam
731 4492 901 4581 diligenter
919 4493 1060 4559 habebat
1081 4492 1260 4580 cognitam,
1286 4493 1447 4579 exposuit,
1477 4515 1541 4580 quo
1564 4495 1665 4580 magi-

260 4613 264 4621 ·
354 4592 470 4651 stratus
497 4577 678 4645 ordinavit
704 4578 768 4666 (ita
791 4574 1101 4646 enimeeribeudum
1120 4577 1190 4664 eat)
1218 4599 1408 4667 omnemque
1428 4599 1498 4646 rem
1517 4577 1667 4646 illustrem
1778 4636 1780 4649 .

1207 4685 1234 4761 2
