4438 5292
979 552 985 567 ·
1074 525 1333 600 -16-

401 792 406 801 ,
495 736 550 794 tus
575 680 674 830 luitNR
699 710 946 814 possidebant,
995 713 1125 788 similes
1152 711 1406 814 Syracusarum
1441 711 1635 818 Γαμόροις,
1680 719 1740 814 qiu'
1765 665 1785 790 a
1812 675 1921 796 censu

426 889 433 905 ,
493 831 661 938 aprorum
675 813 937 914 *rempublicam
970 813 1238 888 moderabantur
1276 812 1461 985 (Hespeh.
1493 842 1524 888 s.
1552 845 1588 887 v.
1617 817 1815 924 Γάμοροι),
1862 823 1920 894 1⁴21

494 921 686 1022 Apollonio
711 916 785 1018 (ap.
811 915 946 990 dambl.
984 915 1021 1016 5.
1043 913 1160 1016 260.)
1186 926 1349 1013 apparet,

1408 940 1477 987 unc
1507 929 1663 990 senatum
1691 923 1767 994 sine
1791 947 1837 1020 po
1887 923 1920 996 lo

422 1062 428 1068 ·
495 1051 552 1096 res
586 1022 771 1094 decernere
807 1018 981 1116 potuisse,
1025 1043 1130 1116 porro
1162 1041 1205 1088 ex
1235 1017 1455 1090 accusatione
1488 1043 1545 1114 ap.
1580 1017 1715 1092 dambl.
1756 1019 1793 1123 5.
1850 1021 1916 1096 26.

237 1151 242 1158 ·
356 1199 359 1206 Δ
495 1133 709 1294 compertum
734 1108 923 1211 habemub,
961 1117 1108 1190 eundem
1136 1115 1266 1214 judicis
1299 1127 1499 1214 potestatem
1533 1117 1708 1193 babuisse.
1770 1119 1921 1196 Accedit
2062 1169 2068 1181 ·

495 1251 565 1324 quo
613 1220 712 1294 nulla
735 1221 771 1291 in
791 1246 829 1292 re
850 1218 895 1291 ad
910 1219 1077 1291 rationem
1091 1217 1301 1290 reddendam
1320 1220 1438 1289 vocari
1455 1229 1589 1318 poterat
1613 1216 1918 1322 (ἀνυπεύθυνοι),

494 1324 590 1422 ipuod
615 1315 744 1422 Sybari
771 1331 871 1418 capta
896 1317 989 1418 plebi
1009 1322 1265 1417 patrocinantes
1286 1317 1454 1418 abrogare
1477 1317 1680 1412 studebant,
1711 1318 1836 1420 Apoll.
1860 1351 1917 1420 ap.

494 1423 629 1498 dambl.
659 1423 695 1524 5.
716 1419 812 1494 257.
867 1420 1029 1496 Graviter
1055 1419 1243 1493 dolendum
1264 1431 1336 1513 est,
1359 1419 1476 1518 'quod
1503 1420 1547 1493 de
1572 1423 1720 1519 singulis
1741 1426 1919 1522 magistra·

495 1527 589 1600 tibus
614 1524 686 1596 scre
712 1521 799 1594 nibil
824 1523 1055 1596 monumentis
1085 1523 1327 1620 consignatum
1351 1533 1431 1614 est,
1471 1523 1541 1594 nisi
1566 1521 1660 1618 qnod
1688 1525 1835 1610 civitatis
1863 1549 1917 1596 sa·

497 1627 621 1700 cerdos‘
657 1619 895 1728 (πρύτανις),
931 1624 993 1721 qui
1018 1624 1131 1719 primo
1157 1634 1191 1696 et
1215 1624 1360 1719 septimo
1385 1647 1524 1720 qnoque
1544 1625 1678 1695 mensis
1710 1623 1767 1695 die
1793 1625 1922 1723 templa

496 1725 702 1800 circumibat
733 1735 768 1796 et
800 1747 899 1794 sacra
933 1719 1074 1819 publiea
1107 1721 1276 1816 faciebat,
1325 1735 1612 1795 commemoratur
1643 1733 1816 1821 tempore,
1851 1750 1921 1821 qno

496 1830 617 1899 civitas
654 1823 732 1922 jain
775 1821 873 1894 aliter
917 1831 1106 1920 temperata
1147 1834 1232 1895 erat.
1314 1821 1519 1922 (Timacus
1546 1851 1604 1923 ap.
1649 1821 1783 1898 Athen.
1826 1825 1917 1896 xil.

560 1921 642 1998 522
673 1923 718 1997 C.
772 1931 783 1971 ¹
811 1976 820 1994 .

492 1956 518 2024 P
608 1920 832 2122 Quantbpeie
858 2033 972 2098 antem
999 2026 1261 2123 circumscripta
1295 2024 1399 2099 suerit
1425 2024 1546 2124 populi
1577 2028 1654 2119 ris,
1691 2027 1768 2126 jam
1793 2051 1837 2099 ex
1861 2026 1920 2099 de·
1988 2075 1999 2098 .

490 2131 622 2200 lineato
647 2124 749 2218 loeo,
788 2151 892 2222 quem
916 2123 1140 2198 obtinuerunt
1159 2128 1361 2224 optimates,
1402 2139 1524 2223 sponte
1553 2128 1590 2198 in
1613 2126 1735 2200 oculos
1760 2129 1917 2199 incurrit.

495 2227 716 2302 Decernebat
740 2225 880 2324 quidem
901 2225 1022 2323 populi
1048 2228 1171 2300 concio
1195 2227 1233 2297 in
1254 2223 1362 2298 'rebus
1384 2225 1624 2324 gravioribus,
1661 2238 1700 2298 ut
1729 2230 1766 2298 in
1791 2226 1919 2301 delibe-

493 2331 628 2402 ratione
653 2327 697 2401 de
720 2325 962 2426 Sybaritarum
985 2325 1165 2421 exidibus,
1199 2325 1296 2398 haud
1320 2325 1424 2398 dubie
1446 2325 1649 2398 affirmando
1674 2337 1709 2400 et
1729 2327 1919 2418 renuendo,
1949 2407 1952 2415 ,

370 2505 374 2521 ,
493 2429 603 2504 nihilo
634 2441 748 2503 tamen
783 2429 897 2501 minus
931 2440 1094 2523 senatus,
1132 2430 1194 2526 qui
1225 2429 1293 2526 ipsi
1321 2438 1478 2524 praeerat
1507 2438 1542 2498 ct
1573 2452 1646 2499 rem
1680 2427 1725 2498 ad
1755 2429 1922 2526 populum

495 2528 672 2605 del'ercbat
701 2528 832 2629 (Diod.
853 2529 955 2621 XII,
984 2526 1068 2629 9.),
1105 2524 1196 2601 banc
1225 2528 1270 2600 ad
1302 2528 1405 2600 buum
1437 2527 1656 2601 commodum
1682 2527 1846 2602 direxisse
1871 2531 1922 2600 vi·

495 2633 608 2704 detur.
663 2631 851 2700 Praeterea
877 2627 977 2699 docet
993 2623 1206 2725 Apollonius
1227 2627 1301 2726 (ap.
1326 2626 1464 2702 dambl:
1491 2627 1529 2728 5.
1549 2625 1681 2729 257.),
1709 2655 1780 2702 ιιοιι
1804 2653 1937 2713 omnes,

498 2728 719 2802 Crotoniatas
745 2727 791 2798 ad
816 2727 953 2798 comitia
978 2725 1167 2818 admissos,
1209 2727 1270 2799 sed
1303 2728 1378 2798 sine
1406 2727 1513 2803 dubio
1547 2755 1591 2801 ex
1619 2754 1742 2802 census
1775 2732 1919 2822 ratione,

498 2839 532 2902 et
558 2826 720 2925 quidem,
749 2838 788 2898 ut
806 2824 892 2898 mibi
917 2824 1072 2919 videtur,
1101 2825 1242 2901 Solonis
1265 2825 1479 2900 timoeratiae
1503 2831 1631 2921 instar,
1660 2841 1772 2903 certos
1797 2833 1923 2902 civium

350 2989 353 2996 .
497 2928 635 3003 ordines
662 2929 869 3001 constitutos
896 2925 1019 3019 inisse,
1046 2937 1185 3025 recepta
1211 2927 1415 3009 ι’σοτελέωγ
1434 2927 1665 3022 midtitiidine,
1694 2932 1755 3027 qni
1779 2955 1822 3004 ex
1846 2930 1923 3029 lege

491 3043 565 3104 tani
595 3058 616 3102 a
643 3029 818 3130 suffragiis
846 3027 997 3101 ferendis
1017 3051 1123 3126 quam
1145 3026 1413 3129 magistratibus*
1439 3029 1599 3129 gerendis
1639 3031 1772 3103 exclusi
1808 3043 1918 3104 erant.

403 3151 409 3166 ·
489 3131 813 3204 ·0mnibus1taliae
839 3126 1054 3222 civitatibus,
1095 3155 1243 3229 quarum
1268 3131 1451 3229 imperinm
1474 3155 1581 3227 penes
1603 3129 1804 3230 synedrium
1826 3131 1935 3210 mille.
1974 3175 1983 3184 ·

496 3232 670 3323 virorum,
707 3229 764 3302 vel
789 3239 922 3302 certum
946 3227 1115 3300 nobilium
1142 3231 1352 3304 familiarum
1380 3257 1563 3304 nnmerum
1595 3243 1689 3324 erat,
1730 3234 1921 3306 communi·

495 3343 549 3404 ter
575 3329 721 3422 accidit,
747 3340 787 3400 ut
814 3337 989 3401 crescente
1013 3328 1179 3425 paulatim
1198 3333 1236 3401 in
1261 3333 1465 3404 immensum
1487 3331 1680 3404 incolarum
1704 3333 1922 3408 multitudine

406 3431 411 3438 ’
518 3431 616 3536 lebs,
655 3455 756 3528 quae,
773 3427 985 3528 reipublicae
1013 3429 1190 3526 regiminis
1215 3455 1286 3502 non
1315 3433 1487 3546 particeps
1512 3443 1607 3536 erat,
1649 3457 1729 3506 eum
1755 3435 1920 3608 princip}-

487 3460 564 3618 bus
578 3532 847 3624 condideretur,
874 3553 1002 3626 eosque
1017 3541 1149 3602 mature
1165 3553 1285 3603 serove
1299 3532 1449 3628 ejiceret.
1479 3532 1528 3604 cl.
1546 3527 1698 3606 Aristot.
1716 3536 1798 3607 Pol.
1810 3536 1859 3628 V,

487 3633 539 3704 io
560 3661 634 3708 non
661 3659 769 3726 casu,
807 3631 870 3706 sed
891 3633 943 3704 rei
969 3632 1212 3704 convenienter
1237 3631 1452 3704 factumest.
1502 3631 1697 3730 optimates
1718 3637 1809 3706 enirn
1826 3636 1921 3708 omni

494 3731 599 3806 inodo
619 3733 786 3829 populum
811 3730 996 3821 arcebant,
1033 3731 1218 3827 quominus
1242 3733 1463 3832 magistratus
1496 3731 1679 3808 ambiendo
1704 3735 1921 3808 imminueret

495 3835 653 3931 ipsorum
682 3831 786 3929 jura,
817 3842 851 3904 et
875 3828 970 3929 quod
995 3833 1203 3923 maximum,
1238 3831 1456 3908 vindicandis
1486 3859 1588 3931 saepe
1620 3843 1756 3930 praeter
1781 3831 1842 3930 jus
1867 3833 1918 3906 la·
1964 3891 1967 3894 .

494 3935 637 4010 tissimis
662 3931 810 4032 praediis
836 3957 918 4004 suas
949 3956 1032 4028 opes
1061 3931 1258 4030 angebant3
1302 3933 1452 4034 populus
1482 3935 1588 4033 igitur
1616 3931 1861 4007 stomachosus.
1882 3946 1921 4008 ut

496 4031 596 4106 fandi
634 4033 869 4108 dividerentur
909 4023 1172 4132 (desideruis)
1215 4036 1367 4132 quotidie
1407 4031 1629 4134 postulabat,
1679 4033 1775 4131 quod
1811 4060 1919 4134 quum

496 4133 627 4207 nollent
655 4136 812 4227 nobiles,
857 4131 951 4232 josto
990 4132 1136 4208 celerius
1174 4135 1322 4233 expulsi
1347 4147 1441 4210 sunt.
1508 4136 1591 4207 Hac
1631 4138 1812 4212 occasione
1844 4137 1919 4210 lieri

495 4233 646 4328 solebat,
681 4248 721 4310 nt
744 4235 913 4310 sactiones
937 4234 1192 4329 coalescerent,
1236 4237 1357 4334 populi
1383 4234 1467 4334 jura
1493 4235 1559 4312 sub
1594 4248 1777 4335 praetextu
1799 4237 1917 4314 defeu-

538 4469 576 4554 1)
598 4468 685 4535 Num
705 4469 921 4574 Pythagorae
938 4481 1044 4574 aetate
1068 4469 1158 4571 baec·
1174 4469 1372 4574 sanctissima
1393 4467 1533 4558 dignitas
1556 4481 1588 4538 et
1609 4468 1738 4560 quidem
1761 4493 1800 4540 ex
1821 4471 1919 4562 Spai-

601 4565 748 4622 tanoroni
772 4568 894 4625 ratione
913 4567 1056 4624 instituta
1079 4555 1190 4639 luent,
1219 4555 1280 4624 alio
1302 4555 1374 4625 loco
1397 4555 1615 4628 decernemus.
