4428 5306
1255 517 1286 528 ...

1424 531 1432 550 Ι

1077 579 1335 656 -ω-
1409 601 1501 644 ῃ.

1137 671 1161 686 κ

456 821 459 834 ·
492 771 578 872 quid
611 768 902 844 intermittendum
936 770 1149 873 propositum
1183 779 1293 843 erata
1323 763 1428 842 'Sunt
1460 767 1511 839 illi
1538 763 1647 865 νόμοιΙ
1667 795 1723 870 ap.
1753 767 1911 845 Ariston.

201 949 221 986 s
376 895 379 904 ¹
495 881 568 976 (ap.
587 869 781 946 damblieh.
807 867 875 942 95.
894 867 1003 972 92),
1033 895 1120 967 quos
1145 882 1185 962 ut
1205 870 1321 941 divina
1347 881 1528 967 praecepta
1552 869 1684 970 (telas
1709 867 1917 958 teredines

493 1003 550 1074 ap.
577 971 754 1070 Porphyr.
790 971 827 1072 g
845 967 913 1042 20.
948 997 1005 1068 ap.
1027 969 1162 1056 dambl.
1197 969 1235 1072 S.
1257 964 1346 1070 50.)
1371 969 1536 1067 symbolis
1558 972 1733 1070 depositos
1754 973 1914 1084 discipuli

494 1073 746 1162 observabant,
783 1083 919 1169 praeter
944 1095 1033 1170 qaros
1056 1070 1246 1170 quidquam
1268 1071 1381 1142 lacere
1403 1071 1501 1144 nefas
1519 1084 1606 1144 erat.
1669 1075 1728 1146 Ex
1751 1072 1805 1146 his
1830 1073 1915 1172 legi·

493 1177 561 1248 bus
597 1173 831 1246 dulcissimam
852 1184 903 1258 ¹et
937 1171 1206 1271 pulcherrimam
1240 1171 1422 1248 diuturnae
1445 1171 1562 1272 Pytha
1587 1175 1701 1246 orieae
1734 1176 1824 1246 vitae
1856 1175 1915 1247 de·

494 1277 716 1372 scriptionem
742 1275 891 1346 servavit
916 1273 1016 1347 uobis
1031 1269 1199 1346 'Ariston
1228 1299 1285 1370 ap.
1310 1270 1445 1345 Jambl.
1473 1297 1505 1344 c.
1528 1199 1594 1347 21.
1619 1259 1912 1374 §.titt-101,

495 1401 600 1473 quarn
635 1373 792 1472 pluribus
824 1374 995 1448 illustrare
1028 1395 1186 1472 quaeque
1217 1377 1255 1444 in
1288 1373 1348 1444 illa
1382 1371 1526 1470 desunt,
1576 1373 1703 1447 addere
1732 1377 1768 1446 in
1800 1375 1915 1448 animo

495 1477 676 1549 habemus.
740 1472 848 1548 Mane
880 1475 1104 1548 ambulabant
1135 1473 1290 1565 sodales,
1341 1499 1413 1546 non
1445 1486 1484 1546 ut
1514 1475 1744 1573 sophistarum
1786 1473 1914 1547 chorus

496 1577 589 1676 apud
611 1575 758 1650 Calliam
782 1579 819 1648 in
831 1577 990 1650 Platonis
1012 1578 1224 1674 Protagora,
1260 1573 1322 1647 sed
1346 1574 1411 1647 soli
1436 1575 1559 1648 inillis
1583 1577 1690 1669 locis,
1725 1591 1813 1672 qua'e
1835 1572 1914 1647 soli·

430 1679 433 1690 '
467 1679 634 1769 tudine,
670 1679 889 1754 veneratione
911 1689 946 1750 et
971 1679 1174 1750 amoenitate
1199 1701 1273 1749 sese
1300 1675 1604 1770 commendabant,
1640 1676 1701 1774 ubi
1724 1676 1852 1774 templa
1882 1687 1916 1748 et

494 1781 566 1853 luci
592 1789 702 1851 erant.
757 1776 879 1877 (Idem
905 1778 999 1849 haud
1016 1777 1120 1848 dubie
1135 1773 1406 1851 ex·rhristoxeno
1427 1776 1613 1850 delibatum
1630 1788 1746 1848 narrat
1761 1779 1912 1876 Diogen.

495 1909 552 1978 ap.
573 1878 750 1975 Porphyr.
780 1877 817 1976 ἓ.
841 1873 943 1979 52).
998 1876 1195 1975 Singularis
1219 1875 1325 1974 hujus
1354 1880 1482 1967 moris,
1514 1880 1576 1952 scd
1600 1877 1916 2052 Pythagoricorum

495 1983 586 2052 vitae
612 1979 1095 2053 convenientissimieausam
1117 1976 1276 2050 idoneam
1297 1978 1396 2049 affert
1418 1973 1579 2051 Ariston.
1609 1977 1690 2082 (ap.
1748 1977 1911 2050 amblieh.

371 2111 382 2118 ·
495 2081 533 2181 g.
557 2075 667 2178 96.);
699 2075 867 2175 putabant
891 2081 1004 2170 enim,
1029 2080 1089 2170 ait,
1120 2103 1199 2149 eum
1226 2080 1362 2150 nemine
1389 2079 1664 2150 conversandum
1686 2105 1773 2171 esse,
1801 2082 1915 2177 prim·

495 2205 602 2278 quam
628 2181 780 2250 animum
804 2203 906 2250 suurn
931 2178 1020 2250 bene
1041 2180 1262 2249 consumtum
1285 2189 1433 2274 apteque
1463 2182 1706 2252 concinnatum
1733 2178 1913 2269 haherent,

495 2281 580 2370 huie
602 2281 726 2352 mentis
753 2279 989 2360 constittuioni
1012 2279 1080 2351 loci
1104 2275 1323 2352 solitudinem
1349 2279 1497 2351 mammo
1522 2278 1708 2377 prodesse,
1746 2305 1827 2351 uam
1848 2293 1916 2351 sta·

485 2384 558 2453 tim
582 2407 602 2454 e
624 2380 714 2452 lecto
749 2391 930 2478 surgentes
970 2381 1007 2451 in
1038 2376 1175 2451 turbam
1194 2383 1277 2474 ‘sese
1309 2375 1500 2475 projicere,
1546 2379 1798 2476 tumultuosum
1824 2406 1913 2453 esse.

478 2475 745 2558 ‘Ambulatione
778 2483 946 2553 matutina
976 2479 1130 2580 perfecta
1162 2478 1207 2550 ad
1239 2478 1434 2571 literarum,
1472 2481 1497 2550 i.
1523 2505 1556 2552 e.
1582 2477 1820 2578 philosophiae
1845 2492 1916 2551 shr-

497 2583 593 2655 dium
630 2581 908 2680 persequendum
950 2607 1132 2679 moresque
1175 2577 1408 2652 emendandos
1453 2581 1729 2680 excolendosque
1768 2582 1917 2654 inuicem

498 2683 770 2773 conveniebant,
810 2693 844 2753 et
868 2683 1008 2776 quidem
1034 2705 1144 2776 aeque
1158 2691 1270 2776 atque
1293 2691 1393 2752 autea
1418 2684 1454 2752 in
1479 2683 1615 2781 templis
1637 2683 1802 2756 vel-locis
1824 2685 1918 2756 simi·

498 2782 627 2853 libus·
668 2783 757 2853 Post
780 2780 866 2851 haec
892 2782 942 2851 rei
968 2779 1149 2851 athleticae
1171 2779 1375 2870 studebant,
1418 2805 1507 2876 qums
1540 2786 1687 2855 maxime
1719 2808 1763 2857 eo
1788 2783 1918 2858 condu-

498 2880 618 2970 cebat,
655 2891 694 2952 ut
719 2905 846 2977 eorpus
872 2889 1092 2970 exercerent,
1133 2879 1224 2948 vires
1239 2878 1531 2973 corroborarent,
1570 2907 1757 2980 earumque
1784 2885 1919 2980 justum

498 2980 741 3080 aequilibrium
765 2990 1070 3078 consequerentur.
1132 2978 1488 3075 Plerique-unctione
1514 2990 1548 3051 et
1572 2998 1696 3071 eursu,
1740 2985 1919 3078 pauciores

497 3083 591 3156 lucta
625 3085 663 3154 in
692 3083 801 3155 hortis
842 3094 876 3154 et
916 3077 1135 3172 nemoribus,
1190 3077 1348 3151 nonnulli
1379 3079 1481 3152 etiam
1514 3079 1739 3154 halterobolia
1764 3080 1799 3184 ¹)
1835 3085 1861 3154 i.
1885 3109 1916 3154 e.

497 3184 691 3355 resine
972 3205 1921 3379 t,

493 3383 600 3478 -favo3
643 3384 716 3454 vini
740 3393 842 3480 potus
866 3379 1017 3453 interdiu
1046 3381 1249 3452 interdictam
1273 3394 1348 3453 erat
1387 3382 1502 3554 pidem
1529 3307 1645 3457 durrat
1670 3335 1834 3458 Aristoni
1860 3411 1916 3482 ap.

476 3485 608 3585 111οὸ.
638 3484 758 3556 Laiirt.
778 3481 896 3576 vm,
925 3477 990 3553 19.
1026 3507 1083 3578 ap.
1105 3475 1311 3552 Athenll.
1341 3507 1375 3553 c.
1422 3483 1461 3555 6.
1483 3511 1520 3582 p.
1539 3482 1607 3556 tt.
1636 3485 1680 3557 F.
1702 3512 1745 3558 ex
1759 3482 1945 3578 Arbtox„

499 3588 571 3660 Dio
615 3612 678 3660 nes
721 3611 779 3684 ap.
818 3582 955 3682 Porph.
997 3579 1035 3682 §-
1058 3578 1126 3654 51.
1163 3581 1236 3653 vid.
1270 3581 1408 3679 Lycum
1449 3609 1506 3681 ap.
1543 3581 1677 3658 Athen.
1702 3587 1753 3658 X.
1798 3612 1831 3658 c.
1852 3585 1916 3659 15.

496 3713 556 3784 p.·
589 3685 652 3760 18.
679 3689 727 3760 Ε.
762 3697 797 3759 et
815 3682 896 3757 tta
920 3679 1005 3786 A.),
1066 3683 1191 3756 Sumto
1214 3682 1360 3779 prandio
1389 3695 1500 3756 totum
1533 3687 1804 3783 pomeridianum
1835 3700 1919 3760 tem·

498 3813 564 3884 pus
599 3786 848 3864 consumebant
877 3788 914 3857 in
949 3783 1138 3857 haemndis
1169 3783 1321 3881 politicis
1353 3788 1501 3884 negotiis
1534 3797 1605 3860 mm
1643 3787 1688 3859 ad
1720 3792 1919 3887 peregrinos

498 3912 603 3985 quam
616 3886 662 3958 ad
673 3886 825 3983 hospites
836 3884 1086 3982 spectantibus,
1113 3884 1299 3982 etquidem
1316 3875 1377 3964 daei
1394 3885 1466 3981 asir
1482 3893 1559 3966 τῶν
1572 3883 1691 3985 νόμων
1703 3885 1921 3992 πρόσταξιν,

339 4062 344 4073 ,
498 3999 538 4060 ut
560 3987 656 4060 addit
675 3983 834 4059 Aristox.
866 3983 892 4056 l.
918 3985 945 4057 l.
974 4025 1026 4042 ·-
1056 3985 1142 4084 qrrid
1166 3987 1204 4056 in
1228 3984 1285 4058 his
1311 3985 1427 4060 verbis
1461 3988 1584 4081 lateat,
1603 4040 1606 4052 ·
1626 4000 1701 4061 tum
1734 3990 1919 4064 dicendum

499 4101 571 4180 est,
607 4113 716 4186 quum
742 4087 785 4160 de
810 4085 951 4184 politica
977 4088 1149 4160 meietatis
1173 4097 1343 4183 potestate
1367 4087 1655 4162 disseremus-.
1700 4087 1919 4166 Adventante

497 4213 639 4284 vespere
654 4215 774 4262 rursus
799 4184 1322 4280 ambulationes-instituebant,
1360 4215 1433 4262 non
1451 4189 1530 4280 soli,
1559 4201 1598 4262 ut
1620 4187 1739 4286 mani,
1768 4193 1828 4266 sed
1844 4193 1918 4266 bini

498 4291 630 4361 tenuive
655 4286 770 4390 (idem
791 4289 899 4388 Diog.
924 4314 982 4386 ap.
1008 4287 1144 4386 Porph.
1179 4287 1216 4388 g.
1240 4283 1351 4388 52),
1389 4290 1916 4394 reminiscendolreeopnoscen-

542 4519 581 4607 l)
603 4512 917 4672 ξτὶἑὶχρτηὲοξολίᾳ
938 4497 1162 4608 ἅλ’τηροβοῇίᾳ
1181 4507 1387 4592 scribendum
1410 4547 1481 4593 esse
1502 4537 1591 4596 reete
1609 4535 1716 4593 monet
1731 4518 1918 4588 Schneider.
