4428 5306
9 3555 11 3594 ν

9 3681 11 3778 l

727 534 1133 644 ‘'..as-

288 759 491 858 insignitos,
547 757 700 832 secunda
738 781 797 832 eos
830 753 1109 856 Pythagoricos,
1165 756 1227 854 qui
1260 753 1405 830 sublatis
1443 733 1597 857 collegiis
1627 697 1713 834 ’eum

243 901 246 924 ψ
288 859 526 958 Orphicorum
561 859 742 957 disciplina
775 855 1096 956 conjrmgebantur,
1139 873 1328 955 cornuaque
1360 857 1570 956 discipulos,
1613 863 1715 932 tertia
1816 921 1823 938 .
1975 859 1979 872 “

289 958 448 1034 Platonis
466 959 627 1059 aequales
643 970 677 1032 et
696 959 942 1054 aemulatores,
969 969 1092 1056 quarta
1113 957 1263 1056 denique
1279 959 1418 1032 serioris
1441 961 1559 1033 astutis
1578 959 1713 1060 Pytha·
1751 965 1770 1000 ”
1828 962 1846 1031 1

289 1086 412 1158 goreos
439 1087 518 1133 cum
540 1061 730 1138 Platonicis
750 1061 788 1132 in
808 1085 917 1132 unum
942 1055 1179 1157 conglobatos.
1234 1056 1325 1130 Cum
1345 1058 1566 1157 philosophia
1582 1073 1713 1135 mutata
1748 1083 1749 1090 ’

289 1163 391 1232 etiam
405 1161 543 1233 vivendi
556 1162 723 1234 rationem
742 1171 951 1234 sectatorum
965 1161 1103 1251 mutari,
1119 1155 1269 1258 probant
1280 1157 1540 1234 Socraticorum
1556 1159 1710 1236 scholae.

290 1261 364 1333 Sed
393 1261 486 1359 apud
507 1261 749 1360 Pythagoreos
775 1261 843 1335 hoc
867 1263 903 1333 in
931 1259 1042 1358 majus
1066 1271 1206 1332 auctum
1227 1271 1299 1334 est*
1352 1261 1594 1358 Quaecunque
1619 1263 1718 1334 eninr

291 1385 354 1434 seu
377 1361 538 1460 dogmata
561 1364 635 1436 sive
655 1363 745 1434 vitae
768 1373 952 1460 praecepta
979 1361 1149 1452 ascetis,
1186 1359 1284 1433 elteri
1304 1355 1417 1434 sectae
1441 1361 1609 1454 addictis,
1641 1372 1712 1434 tru-

290 1460 472 1554 debantm,
499 1489 540 1535 ea
561 1464 669 1535 sicin
688 1488 789 1534 usum
811 1472 1066 1554 converterunt,
1094 1472 1128 1533 et
1149 1459 1214 1533 sub
1233 1463 1373 1536 nornine
1392 1487 1457 1536 suo
1476 1473 1715 1562 propagarunt

288 1561 524 1661 Pythagorei,
566 1574 606 1635 nt
634 1562 1060 1662 nativusPythagorismi
1091 1562 1182 1633 nitor
1212 1585 1364 1659 prorsus
1387 1564 1710 1661 praestringeretur.

289 1659 351 1732 Ab
376 1659 591 1736 Aristoxeno
620 1663 665 1735 ad
692 1655 833 1736 irltimos
867 1689 979 1760 usque
1008 1664 1156 1734 vitarum
1191 1664 1378 1758 scriptores
1409 1655 1611 1760 repetentes
1630 1663 1713 1759 plus
1765 1697 1769 1713 ¹

288 1763 448 1836 minusve
463 1763 645 1881 ,cujusque
666 1763 909 1862 Pythagoreas
934 1773 1047 1836 sectae
1075 1761 1371 1836 conturbationem
1393 1765 1590 1836 invenimus
1612 1785 1711 1860 aper·
1844 1786 1848 1808 ¹

287 1863 481 1957 tissimum,
512 1889 613 1962 cuyus
639 1867 675 1936 in
697 1889 739 1936 eo
759 1865 978 1960 potissimum
1001 1887 1108 1936 causa
1134 1875 1207 1954 est,
1248 1863 1343 1958 quod
1364 1864 1425 1961 qui
1450 1865 1554 1962 primi
1577 1859 1722 1962 Pytha·

287 1987 393 2062 gorne
420 1963 566 2061 ejusque
595 1962 845 2062 discipulorum
871 1966 979 2043 vitam
1007 1962 1204 2036 describere
1231 1964 1473 2056 instituerunt,
1515 1989 1587 2036 nou
1612 1961 1712 2036 libris

152 2055 163 2076 ⁶
289 2064 429 2158 scriptis
454 2065 585 2156 innixi,
629 2064 690 2137 sed
719 2074 852 2137 tantum
877 2087 958 2136 cum
988 2090 1030 2137 ex
1054 2063 1165 2156 fama,
1200 2075 1275 2136 tum
1307 2065 1363 2136 sui
1387 2066 1551 2162 temporis
1576 2063 1711 2163 Pytha-

287 2164 425 2260 goricae
447 2163 684 2262 philosophiae
705 2165 921 2238 addictarum
938 2190 998 2238 ore
1011 2163 1243 2262 excipiebant.
1297 2163 1361 2240 sic
1384 2161 1617 2242 Aristoxenus
1637 2166 1715 2262 ipse

286 2261 457 2358 permulta
496 2289 517 2336 a
552 2275 649 2364 patre
684 2265 895 2364 Spintharo,
936 2267 1093 2362 inprimis
1132 2264 1177 2338 ab
1210 2265 1331 2337 amieis
1371 2268 1463 2358 suis,
1511 2263 1713 2362 Xenophilo

241 2439 244 2445 ,
287 2358 700 2462 (quem'praeceptorem
729 2364 899 2457 habebat,
941 2365 988 2435 cf.
1016 2364 1118 2436 Suid.
1154 2391 1185 2435 s.
1215 2392 1251 2435 v.
1288 2353 1479 2466 Ἀριότόξ.
1533 2366 1712 2437 Eudociae

286 2462 381 2536 Viol.
410 2491 447 2562 p,
470 2461 537 2536 72.
559 2464 687 2562 viti),
721 2465 906 2536 Phantone
930 2473 964 2534 et
982 2461 1177 2534 Echecrate
1196 2461 1427 2561 Pythagoreis
1448 2475 1611 2560 acceptu,
1637 2489 1710 2536 non
1764 2461 1769 2471 “

284 2561 521 2658 Pythagorae,
534 2565 596 2634 sed
606 2564 765 2633 Platonis
781 2559 981 2658 aequalibus
997 2553 1150 2658 propria,
1172 2565 1268 2659 operi
1282 2589 1347 2635 suo
1360 2565 1547 2654 inseruisse
1557 2561 1707 2655 videtur,

286 2661 334 2731 cf.
358 2661 543 2733 Mahnium
564 2660 608 2734 de
629 2658 789 2733 Ariston.
818 2687 857 2758 p.
874 2658 943 2732 26.
975 2662 1036 2758 qui
1060 2672 1175 2735 tamen
1196 2686 1267 2735 non
1289 2665 1404 2736 omnia
1430 2674 1524 2738 recte
1547 2663 1709 2761 explana·

283 2760 347 2832 vit.
412 2758 528 2834 Ceteri
562 2764 706 2835 seriores
738 2763 942 2858 scriptores,
983 2760 1080 2832 nullo
1114 2763 1273 2835 instituto
1305 2765 1484 2856 examine,
1527 2762 1573 2838 de
1605 2787 1712 2837 manu

284 2861 321 2930 in
350 2885 492 2931 manum
520 2861 645 2951 tradita
672 2861 723 2934 sic
757 2860 989 2952 adhibebant,
1023 2871 1063 2932 ut
1087 2887 1315 2960 quaecunque
1329 2949 1331 2954 ,
1345 2864 1498 2937 inaudita
1531 2875 1566 2936 et
1597 2866 1710 2938 incre·

285 2957 403 3030 dibilia
428 2959 647 3052 ferebantur,
684 2960 728 3034 de
751 2961 878 3057 quibus
899 2987 943 3033 ne
967 2963 1150 3034 somniavit
1177 2961 1317 3058 quidem
1346 2963 1589 3063 Pythagoras,
1621 2975 1708 3036 taur·

285 3083 389 3158 quiam
421 3059 599 3156 praeclara
631 3071 665 3134 et
692 3063 860 3159 exquisita
894 3060 1121 3132 stimularent.
1181 3063 1258 3135 Nos
1290 3089 1392 3156 uero,
1442 3069 1505 3161 qni
1537 3064 1581 3136 ad
1611 3088 1708 3136 seue-
1860 3101 1865 3110 ·

284 3162 409 3232 riorem
438 3162 543 3234 crisin
558 3159 792 3260 ,Pythagorae
816 3163 967 3232 instituta
990 3185 1154 3234 revocare
1185 3161 1287 3234 nobis
1316 3167 1580 3260 proposuimus,
1618 3163 1708 3234 dilli-
1743 3212 1745 3219 ι

286 3259 399 3331 cilem*
418 3259 628 3358 longamque
658 3260 753 3331 haud
783 3261 993 3334 fastidientes
1028 3261 1325 3358 disquisitionem,
1369 3264 1454 3362 quid
1486 3263 1709 3364 Pythagorae
1772 3278 1775 3288 '

285 3361 478 3456 priscisque
500 3359 746 3459 Pythagoricis
770 3359 991 3432 tribuendum
1012 3361 1078 3452 sit,
1114 3364 1285 3458 expiscari
1311 3363 1525 3436 conabimur.
1559 3387 1565 3416 ³

398 3459 483 3532 dam
507 3461 544 3532 in
569 3463 711 3540 introitu
741 3462 1022 3559 retrospiciamns
1053 3485 1197 3535 necesse
1222 3474 1277 3535 est
1299 3463 1508 3537 Dicaearchi
1533 3464 1706 3564 fragmen·

281 3569 379 3652 vturn,
432 3585 502 3660 quo
531 3563 585 3633 usi
618 3587 737 3634 snmus
770 3560 835 3634 sub
877 3560 981 3633 linem
1013 3563 1122 3658 partis
1163 3563 1395 3636 antecedentis
1450 3562 1467 3665 (
1473 3589 1530 3660 ap.
1566 3563 1703 3660 Porpb.

287 3657 323 3758 ξ.
351 3655 450 3760 19.).
504 3659 716 3736 Narraverat
737 3660 943 3754 historicus,
980 3686 1100 3758 quum-
1114 3662 1337 3762 Pythagorae
1365 3663 1603 3762 adeo-magno
1626 3687 1705 3760 pcr-

289 3757 476 3833 erebnisset
505 3760 597 3833 lama
622 3787 686 3860 per
713 3761 870 3854 ltaliam,
920 3761 1047 3836 multos
1082 3786 1162 3833 eum
1198 3765 1290 3837 viros
1321 3777 1395 3836 tum
1430 3765 1598 3855 feminas,
1645 3765 1707 3860 qui

287 3857 488 3957 discipliuae
519 3858 593 3958 ejus
626 3888 703 3936 sese
736 3861 982 3962 adjungerent,
1032 3863 1218 3960 accepisse.
1280 3864 1365 3957 Quo
1398 3867 1594 3940 testimonio
1624 3891 1705 3960 pro·
1811 3883 1819 3896 ⁹

226 4007 242 4032 -,
287 3957 371 4030 bare
402 3959 585 4054 volumus,
635 3959 877 4059 philosophum
911 3961 987 4060 jam
1019 3960 1184 4036 babuisse
1222 3965 1475 4063 discipulorum
1507 3991 1704 4055 nrumerum,

287 4069 469 4156 antequam
494 4064 532 4134 in
557 4088 640 4157 eos,
676 4064 736 4159 qui
761 4061 948 4160 recipiendi
976 4073 1112 4155 essent,
1152 4063 1394 4162 probationum
1426 4065 1555 4166 gedera
1586 4077 1706 4152 exten·

264 4157 398 4232 deret.
468 4159 541 4235 Per
582 4188 620 4234 se
659 4189 742 4236 uero
789 4156 1018 4260 intelligitur,
1072 4164 1311 4265 Pythagoram
1352 4193 1423 4241 non
1464 4167 1623 4263 quemvis
1666 4191 1705 4240 se
1789 4159 1800 4229 s

286 4259 484 4332 ollerenteur
517 4260 690 4336 hominem
729 4264 842 4362 ἰηίίίοΗ
864 4266 1080 4360 suscepisse,
1131 4265 1193 4338 sed
1228 4268 1376 4358 eundem
1408 4263 1608 4354 observasse
1640 4267 1704 4340 eli·
1846 4287 1849 4294 ·

284 4359 388 4530 gandi
432 4357 679 4460 rq'iciendique
724 4389 883 4454 morem,
936 4390 1042 4464 quens
1087 4377 1206 4460 postea
1251 4367 1422 4441 adhibuit.
1491 4367 1622 4460 ¹Quod·
1658 4393 1700 4440 ea

309 4485 456 4534 ecausa
481 4485 683 4554 monemus,
714 4467 795 4562 quia
825 4467 1032 4562 scrqstorcs,
1072 4490 1180 4560 quum
1209 4467 1481 4566 Pythagoricum
1516 4468 1700 4564 cooptaucli

284 4562 451 4634 rationem
500 4561 731 4684 describunt,
788 4591 859 4637 uon
906 4565 943 4636 id
994 4578 1130 4662 tempus
1177 4569 1352 4665 respicere
1399 4580 1570 4667 possunt,
1628 4591 1698 4666 quo
