<?xml version="1.0" encoding="UTF-8"?>
<!DOCTYPE html PUBLIC "-//W3C//DTD XHTML 1.0 Transitional//EN"
    "http://www.w3.org/TR/xhtml1/DTD/xhtml1-transitional.dtd">
<html xmlns="http://www.w3.org/1999/xhtml" xml:lang="en" lang="en">
 <head>
  <title>
</title>
<meta http-equiv="Content-Type" content="text/html;charset=utf-8" />
  <meta name='ocr-system' content='tesseract 3.04.00' />
  <meta name='ocr-capabilities' content='ocr_page ocr_carea ocr_par ocr_line ocrx_word'/>
</head>
<body>
  <div class='ocr_page' id='page_1' title='image "./desocietatisapy00krisgoog/desocietatisapy00krisgoog_0099.png"; bbox 0 0 4428 5306; ppageno 0'>
   <div class='ocr_carea' id='block_1_1' title="bbox 893 549 1161 629">
    <p class='ocr_par' dir='ltr' id='par_1_1' title="bbox 893 549 1161 629">
     <span class='ocr_line' id='line_1_1' title="bbox 893 549 1161 629; baseline -0.007 -17"><span class='ocrx_word' id='word_1_1' title='bbox 893 549 1161 629; x_wconf 55' lang='lat'><strong>...83-</strong></span> 
     </span>
    </p>
   </div>
   <div class='ocr_carea' id='block_1_2' title="bbox 313 724 1741 939">
    <p class='ocr_par' dir='ltr' id='par_1_2' title="bbox 313 724 1741 939">
     <span class='ocr_line' id='line_1_2' title="bbox 315 724 1741 840; baseline -0.008 -24"><span class='ocrx_word' id='word_1_2' title='bbox 315 735 497 833; x_wconf 80' lang='lat' dir='ltr'><strong>rudiendi,</strong></span> <span class='ocrx_word' id='word_1_3' title='bbox 519 765 728 840; x_wconf 70' lang='lat' dir='ltr'><strong>causamque</strong></span> <span class='ocrx_word' id='word_1_4' title='bbox 745 729 1059 840; x_wconf 46' lang='lat' dir='ltr'><strong>eorumecognitsm</strong></span> <span class='ocrx_word' id='word_1_5' title='bbox 1074 737 1132 812; x_wconf 84' lang='lat' dir='ltr'><strong>rel</strong></span> <span class='ocrx_word' id='word_1_6' title='bbox 1145 735 1191 810; x_wconf 84' lang='lat' dir='ltr'><strong>ad</strong></span> <span class='ocrx_word' id='word_1_7' title='bbox 1209 733 1377 836; x_wconf 84' lang='lat' dir='ltr'><strong>populum</strong></span> <span class='ocrx_word' id='word_1_8' title='bbox 1392 729 1569 810; x_wconf 70' lang='lat' dir='ltr'><strong>deferendi</strong></span> <span class='ocrx_word' id='word_1_9' title='bbox 1586 729 1644 806; x_wconf 82' lang='lat' dir='ltr'><strong>vel</strong></span> <span class='ocrx_word' id='word_1_10' title='bbox 1664 724 1741 804; x_wconf 74' lang='lat' dir='ltr'><strong>siha</strong></span> 
     </span>
     <span class='ocr_line' id='line_1_3' title="bbox 313 834 1741 939; baseline -0.005 -24"><span class='ocrx_word' id='word_1_11' title='bbox 313 843 442 939; x_wconf 85' lang='lat' dir='ltr'><strong>populo</strong></span> <span class='ocrx_word' id='word_1_12' title='bbox 468 842 676 916; x_wconf 89' lang='lat' dir='ltr'><strong>decernendi</strong></span> <span class='ocrx_word' id='word_1_13' title='bbox 704 841 832 916; x_wconf 83' lang='lat' dir='ltr'><strong>munus</strong></span> <span class='ocrx_word' id='word_1_14' title='bbox 871 841 993 916; x_wconf 92' lang='lat' dir='ltr'><strong>codem</strong></span> <span class='ocrx_word' id='word_1_15' title='bbox 1034 841 1241 938; x_wconf 75' lang='lat' dir='ltr'>pertinuisse</span> <span class='ocrx_word' id='word_1_16' title='bbox 1276 834 1493 910; x_wconf 89' lang='lat' dir='ltr'><strong>crediderim.</strong></span> <span class='ocrx_word' id='word_1_17' title='bbox 1554 835 1741 908; x_wconf 74' lang='lat' dir='ltr'><strong>Praeterea</strong></span> 
     </span>
    </p>
   </div>
   <div class='ocr_carea' id='block_1_3' title="bbox 313 933 1867 1041">
    <p class='ocr_par' dir='ltr' id='par_1_3' title="bbox 313 933 1867 1041">
     <span class='ocr_line' id='line_1_4' title="bbox 313 933 1867 1041; baseline -0.004 -27"><span class='ocrx_word' id='word_1_18' title='bbox 313 954 426 1018; x_wconf 79' lang='lat' dir='ltr'><strong>sutem</strong></span> <span class='ocrx_word' id='word_1_19' title='bbox 446 933 553 1015; x_wconf 81' lang='lat' dir='ltr'><strong>¹aliud</strong></span> <span class='ocrx_word' id='word_1_20' title='bbox 584 944 774 1041; x_wconf 79' lang='lat' dir='ltr'><strong>quidquam</strong></span> <span class='ocrx_word' id='word_1_21' title='bbox 798 940 1002 1018; x_wconf 79' lang='lat' dir='ltr'>Aristoxeni</span> <span class='ocrx_word' id='word_1_22' title='bbox 1035 939 1153 1015; x_wconf 79' lang='lat' dir='ltr'><strong>verbis</strong></span> <span class='ocrx_word' id='word_1_23' title='bbox 1181 938 1415 1040; x_wconf 74' lang='lat' dir='ltr'><strong>significatum</strong></span> <span class='ocrx_word' id='word_1_24' title='bbox 1443 944 1549 1036; x_wconf 88' lang='lat' dir='ltr'><strong>puto,</strong></span> <span class='ocrx_word' id='word_1_25' title='bbox 1591 933 1635 1008; x_wconf 89' lang='lat' dir='ltr'><strong>de</strong></span> <span class='ocrx_word' id='word_1_26' title='bbox 1668 957 1739 1031; x_wconf 74' lang='lat' dir='ltr'><strong>quc</strong></span> <span class='ocrx_word' id='word_1_27' title='bbox 1863 965 1867 968; x_wconf 94' lang='lat'>·</span> 
     </span>
    </p>
   </div>
   <div class='ocr_carea' id='block_1_4' title="bbox 310 1043 1737 1646">
    <p class='ocr_par' dir='ltr' id='par_1_4' title="bbox 312 1043 888 1143">
     <span class='ocr_line' id='line_1_5' title="bbox 312 1043 888 1143; baseline -0.002 -28"><span class='ocrx_word' id='word_1_28' title='bbox 312 1044 426 1143; x_wconf 82' lang='lat' dir='ltr'><strong>aptius</strong></span> <span class='ocrx_word' id='word_1_29' title='bbox 454 1043 640 1116; x_wconf 88' lang='lat' dir='ltr'><strong>dicendum</strong></span> <span class='ocrx_word' id='word_1_30' title='bbox 663 1056 716 1116; x_wconf 90' lang='lat' dir='ltr'><strong>est</strong></span> <span class='ocrx_word' id='word_1_31' title='bbox 738 1055 888 1141; x_wconf 57' lang='lat' dir='ltr'><strong>postea..</strong></span> 
     </span>
    </p>

    <p class='ocr_par' dir='ltr' id='par_1_5' title="bbox 310 1135 1737 1646">
     <span class='ocr_line' id='line_1_6' title="bbox 425 1135 1736 1243; baseline -0.006 -28"><span class='ocrx_word' id='word_1_32' title='bbox 425 1142 646 1243; x_wconf 72' lang='lat' dir='ltr'><strong>Pythagoras</strong></span> <span class='ocrx_word' id='word_1_33' title='bbox 690 1147 785 1242; x_wconf 84' lang='lat' dir='ltr'><strong>ipse,</strong></span> <span class='ocrx_word' id='word_1_34' title='bbox 832 1147 870 1215; x_wconf 89' lang='lat' dir='ltr'><strong>in</strong></span> <span class='ocrx_word' id='word_1_35' title='bbox 909 1169 982 1241; x_wconf 83' lang='lat' dir='ltr'><strong>quo</strong></span> <span class='ocrx_word' id='word_1_36' title='bbox 1021 1152 1162 1219; x_wconf 84' lang='lat' dir='ltr'><strong>cantum</strong></span> <span class='ocrx_word' id='word_1_37' title='bbox 1191 1165 1232 1214; x_wconf 90' lang='lat' dir='ltr'><strong>se</strong></span> <span class='ocrx_word' id='word_1_38' title='bbox 1269 1164 1312 1212; x_wconf 87' lang='lat' dir='ltr'><strong>ac</strong></span> <span class='ocrx_word' id='word_1_39' title='bbox 1343 1135 1548 1237; x_wconf 78' lang='lat' dir='ltr'><strong>prudentem</strong></span> <span class='ocrx_word' id='word_1_40' title='bbox 1585 1135 1736 1235; x_wconf 72' lang='lat' dir='ltr'><strong>gessisse</strong></span> 
     </span>
     <span class='ocr_line' id='line_1_7' title="bbox 312 1235 1735 1341; baseline -0.008 -25"><span class='ocrx_word' id='word_1_41' title='bbox 312 1242 482 1335; x_wconf 76' lang='lat' dir='ltr'><strong>fatemur,</strong></span> <span class='ocrx_word' id='word_1_42' title='bbox 516 1245 651 1317; x_wconf 91' lang='lat' dir='ltr'><strong>nullum</strong></span> <span class='ocrx_word' id='word_1_43' title='bbox 676 1247 829 1341; x_wconf 86' lang='lat' dir='ltr'><strong>suscepit</strong></span> <span class='ocrx_word' id='word_1_44' title='bbox 857 1242 1038 1341; x_wconf 89' lang='lat' dir='ltr'><strong>publicum</strong></span> <span class='ocrx_word' id='word_1_45' title='bbox 1063 1259 1212 1335; x_wconf 88' lang='lat' dir='ltr'><strong>munus,</strong></span> <span class='ocrx_word' id='word_1_46' title='bbox 1251 1240 1471 1314; x_wconf 80' lang='lat' dir='ltr'><strong>veneratione</strong></span> <span class='ocrx_word' id='word_1_47' title='bbox 1495 1235 1735 1313; x_wconf 76' lang='lat' dir='ltr'><strong>tantum-civi·</strong></span> 
     </span>
     <span class='ocr_line' id='line_1_8' title="bbox 310 1341 1733 1444; baseline -0.005 -28"><span class='ocrx_word' id='word_1_48' title='bbox 310 1344 390 1416; x_wconf 85' lang='lat' dir='ltr'><strong>tatis</strong></span> <span class='ocrx_word' id='word_1_49' title='bbox 421 1346 594 1442; x_wconf 75' lang='lat' dir='ltr'><strong>suffragiis</strong></span> <span class='ocrx_word' id='word_1_50' title='bbox 627 1347 696 1444; x_wconf 88' lang='lat' dir='ltr'><strong>ipsi</strong></span> <span class='ocrx_word' id='word_1_51' title='bbox 720 1344 850 1417; x_wconf 81' lang='lat' dir='ltr'><strong>tributa</strong></span> <span class='ocrx_word' id='word_1_52' title='bbox 867 1345 963 1444; x_wconf 87' lang='lat' dir='ltr'><strong>justo</strong></span> <span class='ocrx_word' id='word_1_53' title='bbox 992 1349 1076 1418; x_wconf 87' lang='lat' dir='ltr'><strong>u&#39;sus</strong></span> <span class='ocrx_word' id='word_1_54' title='bbox 1100 1355 1172 1416; x_wconf 81' lang='lat' dir='ltr'><strong>tam</strong></span> <span class='ocrx_word' id='word_1_55' title='bbox 1202 1368 1300 1415; x_wconf 87' lang='lat' dir='ltr'><strong>suam</strong></span> <span class='ocrx_word' id='word_1_56' title='bbox 1326 1365 1431 1438; x_wconf 89' lang='lat' dir='ltr'><strong>quum</strong></span> <span class='ocrx_word' id='word_1_57' title='bbox 1455 1341 1629 1412; x_wconf 84' lang='lat' dir='ltr'><strong>societatis</strong></span> <span class='ocrx_word' id='word_1_58' title='bbox 1654 1360 1733 1434; x_wconf 72' lang='lat' dir='ltr'><strong>gra·</strong></span> 
     </span>
     <span class='ocr_line' id='line_1_9' title="bbox 310 1438 1737 1543; baseline -0.004 -27"><span class='ocrx_word' id='word_1_59' title='bbox 310 1443 394 1516; x_wconf 81' lang='lat' dir='ltr'><strong>tium</strong></span> <span class='ocrx_word' id='word_1_60' title='bbox 427 1443 696 1543; x_wconf 76' lang='lat' dir='ltr'><strong>dignitatemque</strong></span> <span class='ocrx_word' id='word_1_61' title='bbox 727 1445 853 1518; x_wconf 90' lang='lat' dir='ltr'><strong>melius</strong></span> <span class='ocrx_word' id='word_1_62' title='bbox 886 1471 929 1518; x_wconf 85' lang='lat' dir='ltr'><strong>ac</strong></span> <span class='ocrx_word' id='word_1_63' title='bbox 953 1444 1199 1518; x_wconf 83' lang='lat' dir='ltr'><strong>diutiustueri</strong></span> <span class='ocrx_word' id='word_1_64' title='bbox 1224 1455 1258 1515; x_wconf 90' lang='lat' dir='ltr'><strong>ct</strong></span> <span class='ocrx_word' id='word_1_65' title='bbox 1276 1466 1427 1514; x_wconf 81' lang='lat' dir='ltr'><strong>servare</strong></span> <span class='ocrx_word' id='word_1_66' title='bbox 1451 1442 1565 1512; x_wconf 85' lang='lat' dir='ltr'><strong>scivit.</strong></span> <span class='ocrx_word' id='word_1_67' title='bbox 1619 1438 1737 1510; x_wconf 81' lang='lat' dir='ltr'><strong>Enixa</strong></span> 
     </span>
     <span class='ocr_line' id='line_1_10' title="bbox 310 1543 1734 1646; baseline -0.005 -30"><span class='ocrx_word' id='word_1_68' title='bbox 310 1545 400 1616; x_wconf 87' lang='lat' dir='ltr'><strong>enim</strong></span> <span class='ocrx_word' id='word_1_69' title='bbox 435 1543 655 1620; x_wconf 79' lang='lat' dir='ltr'><strong>Crotoniatae</strong></span> <span class='ocrx_word' id='word_1_70' title='bbox 687 1545 802 1628; x_wconf 84' lang='lat' dir='ltr'><strong>studio</strong></span> <span class='ocrx_word' id='word_1_71' title='bbox 833 1545 879 1618; x_wconf 87' lang='lat' dir='ltr'><strong>ab</strong></span> <span class='ocrx_word' id='word_1_72' title='bbox 909 1571 953 1620; x_wconf 91' lang='lat' dir='ltr'><strong>eo</strong></span> <span class='ocrx_word' id='word_1_73' title='bbox 983 1549 1175 1646; x_wconf 80' lang='lat' dir='ltr'><strong>pen&#39;erunt,</strong></span> <span class='ocrx_word' id='word_1_74' title='bbox 1217 1553 1258 1616; x_wconf 90' lang='grc' dir='ltr'><strong>ιιι</strong></span> <span class='ocrx_word' id='word_1_75' title='bbox 1288 1552 1446 1614; x_wconf 84' lang='lat' dir='ltr'><strong>senatum</strong></span> <span class='ocrx_word' id='word_1_76' title='bbox 1470 1543 1625 1638; x_wconf 90' lang='lat' dir='ltr'><strong>ipsorum</strong></span> <span class='ocrx_word' id='word_1_77' title='bbox 1651 1561 1734 1630; x_wconf 84' lang='lat' dir='ltr'><strong>con·</strong></span> 
     </span>
    </p>
   </div>
   <div class='ocr_carea' id='block_1_5' title="bbox 310 1638 1899 1743">
    <p class='ocr_par' dir='ltr' id='par_1_6' title="bbox 310 1638 1899 1743">
     <span class='ocr_line' id='line_1_11' title="bbox 310 1638 1899 1743; baseline 0.005 -27"><span class='ocrx_word' id='word_1_78' title='bbox 310 1642 396 1716; x_wconf 82' lang='lat' dir='ltr'><strong>siliis</strong></span> <span class='ocrx_word' id='word_1_79' title='bbox 429 1647 501 1716; x_wconf 88' lang='lat' dir='ltr'><strong>suis</strong></span> <span class='ocrx_word' id='word_1_80' title='bbox 529 1648 579 1717; x_wconf 87' lang='lat' dir='ltr'><strong>uti</strong></span> <span class='ocrx_word' id='word_1_81' title='bbox 609 1657 803 1743; x_wconf 79' lang='lat' dir='ltr'><strong>pateretur,</strong></span> <span class='ocrx_word' id='word_1_82' title='bbox 842 1647 965 1722; x_wconf 85' lang='lat' dir='ltr'><strong>Valcr.</strong></span> <span class='ocrx_word' id='word_1_83' title='bbox 988 1647 1090 1720; x_wconf 80' lang='lat' dir='ltr'><strong>Max.</strong></span> <span class='ocrx_word' id='word_1_84' title='bbox 1116 1644 1232 1736; x_wconf 89' lang='lat' dir='ltr'><strong>VIII,</strong></span> <span class='ocrx_word' id='word_1_85' title='bbox 1259 1640 1325 1714; x_wconf 79' lang='grc'><strong>15.</strong></span> <span class='ocrx_word' id='word_1_86' title='bbox 1360 1652 1431 1714; x_wconf 83' lang='lat' dir='ltr'><strong>ext.</strong></span> <span class='ocrx_word' id='word_1_87' title='bbox 1459 1638 1497 1715; x_wconf 87' lang='grc'><strong>1.</strong></span> <span class='ocrx_word' id='word_1_88' title='bbox 1530 1639 1590 1740; x_wconf 70' lang='lat'><strong>¹),</strong></span> <span class='ocrx_word' id='word_1_89' title='bbox 1631 1661 1736 1734; x_wconf 74' lang='lat' dir='ltr'><strong>quem</strong></span> <span class='ocrx_word' id='word_1_90' title='bbox 1841 1659 1845 1666; x_wconf 81' lang='grc'><em>“</em></span> <span class='ocrx_word' id='word_1_91' title='bbox 1887 1715 1899 1724; x_wconf 89' lang='grc'><strong>.</strong></span> 
     </span>
    </p>
   </div>
   <div class='ocr_carea' id='block_1_6' title="bbox 205 1738 1734 3346">
    <p class='ocr_par' dir='ltr' id='par_1_7' title="bbox 306 1738 1734 2046">
     <span class='ocr_line' id='line_1_12' title="bbox 308 1738 1731 1857; baseline -0.006 -39"><span class='ocrx_word' id='word_1_92' title='bbox 308 1741 375 1818; x_wconf 82' lang='lat' dir='ltr'><strong>sibi</strong></span> <span class='ocrx_word' id='word_1_93' title='bbox 407 1742 650 1818; x_wconf 80' lang='lat' dir='ltr'><strong>demandatum</strong></span> <span class='ocrx_word' id='word_1_94' title='bbox 682 1746 849 1821; x_wconf 88' lang='lat' dir='ltr'><strong>honorem</strong></span> <span class='ocrx_word' id='word_1_95' title='bbox 876 1773 949 1820; x_wconf 90' lang='lat' dir='ltr'><strong>non</strong></span> <span class='ocrx_word' id='word_1_96' title='bbox 981 1771 1124 1845; x_wconf 89' lang='lat' dir='ltr'><strong>prorsus</strong></span> <span class='ocrx_word' id='word_1_97' title='bbox 1153 1745 1354 1842; x_wconf 86' lang='lat' dir='ltr'><strong>repudiasse</strong></span> <span class='ocrx_word' id='word_1_98' title='bbox 1378 1739 1580 1816; x_wconf 80' lang='lat' dir='ltr'><strong>Mnesarchi</strong></span> <span class='ocrx_word' id='word_1_99' title='bbox 1605 1738 1731 1857; x_wconf 79' lang='lat' dir='ltr'><strong>filipm,</strong></span> 
     </span>
     <span class='ocr_line' id='line_1_13' title="bbox 306 1837 1734 2046; baseline -0.004 -28"><span class='ocrx_word' id='word_1_100' title='bbox 306 1865 404 2018; x_wconf 61' lang='lat' dir='ltr'><strong>iim</strong></span> <span class='ocrx_word' id='word_1_101' title='bbox 405 1844 737 2020; x_wconf 68' lang='lat' dir='ltr'><strong>l.¹⁰1.⁵2l&#39;⁸al¹i¹ii”</strong></span> <span class='ocrx_word' id='word_1_102' title='bbox 748 1848 948 2046; x_wconf 56' lang='lat' dir='ltr'><strong>§iiim</strong></span> <span class='ocrx_word' id='word_1_103' title='bbox 964 1837 1734 2035; x_wconf 52' lang='lat' dir='ltr'><strong>pqffiqqffiofflqffi</strong></span> 
     </span>
    </p>

    <p class='ocr_par' dir='ltr' id='par_1_8' title="bbox 205 2041 1733 3346">
     <span class='ocr_line' id='line_1_14' title="bbox 238 2041 1733 2144; baseline -0.003 -28"><span class='ocrx_word' id='word_1_104' title='bbox 238 2061 245 2070; x_wconf 89' lang='lat'>&#39;</span> <span class='ocrx_word' id='word_1_105' title='bbox 305 2041 409 2116; x_wconf 88' lang='lat' dir='ltr'><strong>hodie</strong></span> <span class='ocrx_word' id='word_1_106' title='bbox 440 2043 609 2118; x_wconf 87' lang='lat' dir='ltr'><strong>tributum</strong></span> <span class='ocrx_word' id='word_1_107' title='bbox 639 2058 695 2120; x_wconf 88' lang='lat' dir='ltr'><strong>est</strong></span> <span class='ocrx_word' id='word_1_108' title='bbox 726 2049 962 2141; x_wconf 75' lang='lat' dir='ltr'><strong>auctoritatis,</strong></span> <span class='ocrx_word' id='word_1_109' title='bbox 1001 2047 1044 2120; x_wconf 91' lang='lat' dir='ltr'><strong>dc</strong></span> <span class='ocrx_word' id='word_1_110' title='bbox 1063 2045 1332 2144; x_wconf 75' lang='lat' dir='ltr'><strong>Pydragora&#39;ut</strong></span> <span class='ocrx_word' id='word_1_111' title='bbox 1359 2041 1566 2142; x_wconf 88' lang='lat' dir='ltr'><strong>philosopho</strong></span> <span class='ocrx_word' id='word_1_112' title='bbox 1590 2041 1733 2140; x_wconf 85' lang='lat' dir='ltr'><strong>politico</strong></span> 
     </span>
     <span class='ocr_line' id='line_1_15' title="bbox 205 2139 1732 2245; baseline 0.001 -30"><span class='ocrx_word' id='word_1_113' title='bbox 205 2183 215 2200; x_wconf 92' lang='lat'><strong>·</strong></span> <span class='ocrx_word' id='word_1_114' title='bbox 303 2141 492 2240; x_wconf 84' lang='lat' dir='ltr'><strong>judicium,</strong></span> <span class='ocrx_word' id='word_1_115' title='bbox 530 2145 613 2218; x_wconf 90' lang='lat' dir='ltr'><strong>huic</strong></span> <span class='ocrx_word' id='word_1_116' title='bbox 646 2156 786 2220; x_wconf 83' lang='lat' dir='ltr'><strong>nostrae</strong></span> <span class='ocrx_word' id='word_1_117' title='bbox 817 2149 1007 2226; x_wconf 71' lang='lat' dir='ltr'><strong>sentcntiae</strong></span> <span class='ocrx_word' id='word_1_118' title='bbox 1038 2146 1156 2245; x_wconf 83' lang='lat' dir='ltr'><strong>plane</strong></span> <span class='ocrx_word' id='word_1_119' title='bbox 1172 2147 1348 2219; x_wconf 83' lang='lat' dir='ltr'><strong>adversari</strong></span> <span class='ocrx_word' id='word_1_120' title='bbox 1381 2144 1530 2218; x_wconf 87' lang='lat' dir='ltr'><strong>videtur.</strong></span> <span class='ocrx_word' id='word_1_121' title='bbox 1592 2139 1732 2236; x_wconf 78' lang='lat' dir='ltr'><strong>Quodsi</strong></span> 
     </span>
     <span class='ocr_line' id='line_1_16' title="bbox 307 2238 1729 2346; baseline -0.002 -31"><span class='ocrx_word' id='word_1_122' title='bbox 307 2257 424 2316; x_wconf 81' lang='lat' dir='ltr'><strong>curate</strong></span> <span class='ocrx_word' id='word_1_123' title='bbox 449 2245 700 2344; x_wconf 77' lang='lat' dir='ltr'><strong>diligenterque</strong></span> <span class='ocrx_word' id='word_1_124' title='bbox 725 2244 802 2342; x_wconf 87' lang='lat' dir='ltr'><strong>ejus</strong></span> <span class='ocrx_word' id='word_1_125' title='bbox 825 2251 956 2346; x_wconf 84' lang='lat' dir='ltr'><strong>scripta</strong></span> <span class='ocrx_word' id='word_1_126' title='bbox 983 2249 1186 2345; x_wconf 73' lang='lat' dir='ltr'><strong>perlustras,</strong></span> <span class='ocrx_word' id='word_1_127' title='bbox 1211 2271 1341 2344; x_wconf 77' lang='lat' dir='ltr'><strong>negare</strong></span> <span class='ocrx_word' id='word_1_128' title='bbox 1365 2272 1436 2320; x_wconf 92' lang='lat' dir='ltr'><strong>non</strong></span> <span class='ocrx_word' id='word_1_129' title='bbox 1462 2246 1611 2343; x_wconf 88' lang='lat' dir='ltr'><strong>poteris,</strong></span> <span class='ocrx_word' id='word_1_130' title='bbox 1638 2238 1729 2314; x_wconf 85' lang='lat' dir='ltr'><strong>Tul·</strong></span> 
     </span>
     <span class='ocr_line' id='line_1_17' title="bbox 304 2341 1729 2445; baseline -0.003 -29"><span class='ocrx_word' id='word_1_131' title='bbox 304 2341 392 2416; x_wconf 87' lang='lat' dir='ltr'><strong>lium</strong></span> <span class='ocrx_word' id='word_1_132' title='bbox 426 2347 464 2416; x_wconf 90' lang='lat' dir='ltr'><strong>iu</strong></span> <span class='ocrx_word' id='word_1_133' title='bbox 497 2371 538 2418; x_wconf 87' lang='lat' dir='ltr'><strong>ea</strong></span> <span class='ocrx_word' id='word_1_134' title='bbox 565 2373 640 2420; x_wconf 85' lang='lat' dir='ltr'><strong>esse</strong></span> <span class='ocrx_word' id='word_1_135' title='bbox 674 2350 866 2440; x_wconf 85' lang='lat' dir='ltr'><strong>sententia,</strong></span> <span class='ocrx_word' id='word_1_136' title='bbox 911 2360 951 2421; x_wconf 89' lang='lat' dir='ltr'><strong>nt</strong></span> <span class='ocrx_word' id='word_1_137' title='bbox 988 2347 1228 2445; x_wconf 74' lang='lat' dir='ltr'><strong>Pythagoram</strong></span> <span class='ocrx_word' id='word_1_138' title='bbox 1259 2371 1332 2419; x_wconf 92' lang='lat' dir='ltr'><strong>non</strong></span> <span class='ocrx_word' id='word_1_139' title='bbox 1362 2371 1506 2444; x_wconf 85' lang='lat' dir='ltr'><strong>prorsus</strong></span> <span class='ocrx_word' id='word_1_140' title='bbox 1538 2342 1678 2440; x_wconf 88' lang='lat' dir='ltr'><strong>quidem</strong></span> <span class='ocrx_word' id='word_1_141' title='bbox 1708 2365 1729 2412; x_wconf 85' lang='lat' dir='ltr'><strong>a</strong></span> 
     </span>
     <span class='ocr_line' id='line_1_18' title="bbox 303 2442 1730 2544; baseline 0.003 -28"><span class='ocrx_word' id='word_1_142' title='bbox 303 2443 455 2544; x_wconf 62' lang='lat' dir='ltr'><strong>regen&amp;</strong></span> <span class='ocrx_word' id='word_1_143' title='bbox 479 2447 617 2518; x_wconf 82' lang='lat' dir='ltr'><strong>civitate</strong></span> <span class='ocrx_word' id='word_1_144' title='bbox 641 2471 716 2519; x_wconf 86' lang='lat' dir='ltr'><strong>sese</strong></span> <span class='ocrx_word' id='word_1_145' title='bbox 740 2447 946 2520; x_wconf 80' lang='lat' dir='ltr'><strong>abstinuisse</strong></span> <span class='ocrx_word' id='word_1_146' title='bbox 972 2450 1160 2540; x_wconf 82' lang='lat' dir='ltr'><strong>existimet,</strong></span> <span class='ocrx_word' id='word_1_147' title='bbox 1201 2457 1332 2518; x_wconf 66' lang='lat' dir='ltr'><strong>mutam</strong></span> <span class='ocrx_word' id='word_1_148' title='bbox 1362 2458 1477 2520; x_wconf 84' lang='lat' dir='ltr'><strong>tamen</strong></span> <span class='ocrx_word' id='word_1_149' title='bbox 1509 2442 1730 2542; x_wconf 75' lang='lat' dir='ltr'><strong>philosophis</strong></span> 
     </span>
     <span class='ocr_line' id='line_1_19' title="bbox 302 2545 1726 2646; baseline -0.004 -29"><span class='ocrx_word' id='word_1_150' title='bbox 302 2545 484 2618; x_wconf 66' lang='lat' dir='ltr'><strong>mnus</strong></span> <span class='ocrx_word' id='word_1_151' title='bbox 514 2545 785 2644; x_wconf 83' lang='lat' dir='ltr'><strong>expoliendaque</strong></span> <span class='ocrx_word' id='word_1_152' title='bbox 808 2573 887 2620; x_wconf 87' lang='lat' dir='ltr'><strong>eum</strong></span> <span class='ocrx_word' id='word_1_153' title='bbox 915 2550 1111 2646; x_wconf 76' lang='lat' dir='ltr'><strong>percepisse</strong></span> <span class='ocrx_word' id='word_1_154' title='bbox 1137 2546 1400 2621; x_wconf 81' lang='lat' dir='ltr'><strong>oblectationem</strong></span> <span class='ocrx_word' id='word_1_155' title='bbox 1430 2545 1726 2642; x_wconf 80' lang='lat' dir='ltr'><strong>voluptatemque,</strong></span> 
     </span>
     <span class='ocr_line' id='line_1_20' title="bbox 303 2641 1727 2747; baseline 0.001 -31"><span class='ocrx_word' id='word_1_156' title='bbox 303 2653 345 2716; x_wconf 87' lang='lat' dir='ltr'><strong>ut</strong></span> <span class='ocrx_word' id='word_1_157' title='bbox 367 2647 490 2718; x_wconf 73' lang='lat' dir='ltr'><strong>uetcds</strong></span> <span class='ocrx_word' id='word_1_158' title='bbox 519 2645 681 2719; x_wconf 86' lang='lat' dir='ltr'><strong>omnibus</strong></span> <span class='ocrx_word' id='word_1_159' title='bbox 711 2674 777 2744; x_wconf 92' lang='lat' dir='ltr'><strong>pro</strong></span> <span class='ocrx_word' id='word_1_160' title='bbox 809 2647 919 2721; x_wconf 84' lang='lat' dir='ltr'><strong>nihilo</strong></span> <span class='ocrx_word' id='word_1_161' title='bbox 942 2647 1090 2741; x_wconf 85' lang='lat' dir='ltr'><strong>habitis,</strong></span> <span class='ocrx_word' id='word_1_162' title='bbox 1129 2649 1169 2720; x_wconf 90' lang='lat' dir='ltr'><strong>in</strong></span> <span class='ocrx_word' id='word_1_163' title='bbox 1192 2649 1264 2720; x_wconf 80' lang='lat' dir='ltr'><strong>vila</strong></span> <span class='ocrx_word' id='word_1_164' title='bbox 1286 2645 1390 2747; x_wconf 77' lang='lat' dir='ltr'><strong>longe</strong></span> <span class='ocrx_word' id='word_1_165' title='bbox 1417 2645 1578 2720; x_wconf 88' lang='lat' dir='ltr'><strong>omuibus</strong></span> <span class='ocrx_word' id='word_1_166' title='bbox 1602 2641 1727 2732; x_wconf 75' lang='lat' dir='ltr'><strong>studiis</strong></span> 
     </span>
     <span class='ocr_line' id='line_1_21' title="bbox 302 2741 1726 2848; baseline -0.004 -29"><span class='ocrx_word' id='word_1_167' title='bbox 302 2746 626 2844; x_wconf 73' lang='lat' dir='ltr'><strong>cunturrplatioueru</strong></span> <span class='ocrx_word' id='word_1_168' title='bbox 666 2773 784 2822; x_wconf 85' lang='lat' dir='ltr'><strong>rerum</strong></span> <span class='ocrx_word' id='word_1_169' title='bbox 824 2751 1125 2848; x_wconf 76' lang='lat' dir='ltr'><strong>cognitionemque</strong></span> <span class='ocrx_word' id='word_1_170' title='bbox 1167 2760 1341 2846; x_wconf 84' lang='lat' dir='ltr'><strong>praestare</strong></span> <span class='ocrx_word' id='word_1_171' title='bbox 1384 2746 1579 2821; x_wconf 86' lang='lat' dir='ltr'><strong>crediderit.</strong></span> <span class='ocrx_word' id='word_1_172' title='bbox 1632 2741 1726 2816; x_wconf 73' lang='lat' dir='ltr'><strong>&#39;Gur</strong></span> 
     </span>
     <span class='ocr_line' id='line_1_22' title="bbox 302 2841 1723 2949; baseline -0.004 -29"><span class='ocrx_word' id='word_1_173' title='bbox 302 2845 438 2920; x_wconf 65' lang='lat' dir='ltr'><strong>censat</strong></span> <span class='ocrx_word' id='word_1_174' title='bbox 467 2848 708 2920; x_wconf 81' lang='lat' dir='ltr'><strong>Democritum</strong></span> <span class='ocrx_word' id='word_1_175' title='bbox 739 2859 775 2922; x_wconf 88' lang='lat' dir='ltr'><strong>et</strong></span> <span class='ocrx_word' id='word_1_176' title='bbox 815 2845 1065 2949; x_wconf 66' lang='lat' dir='ltr'><strong>Anaxagoram</strong></span> <span class='ocrx_word' id='word_1_177' title='bbox 1112 2844 1173 2949; x_wconf 87' lang='lat' dir='ltr'><strong>(de</strong></span> <span class='ocrx_word' id='word_1_178' title='bbox 1198 2848 1300 2924; x_wconf 83' lang='lat' dir='ltr'><strong>Orat.</strong></span> <span class='ocrx_word' id='word_1_179' title='bbox 1328 2850 1414 2941; x_wconf 82' lang='lat' dir='ltr'><strong>Ill,</strong></span> <span class='ocrx_word' id='word_1_180' title='bbox 1438 2845 1503 2920; x_wconf 74' lang='lat'><strong>15.</strong></span> <span class='ocrx_word' id='word_1_181' title='bbox 1535 2849 1647 2918; x_wconf 80' lang='lat' dir='ltr'><strong>Tusc.</strong></span> <span class='ocrx_word' id='word_1_182' title='bbox 1672 2841 1723 2934; x_wconf 79' lang='lat' dir='ltr'><strong>Q.</strong></span> 
     </span>
     <span class='ocr_line' id='line_1_23' title="bbox 303 2942 1726 3050; baseline -0.004 -30"><span class='ocrx_word' id='word_1_183' title='bbox 303 2945 352 3037; x_wconf 92' lang='lat' dir='ltr'><strong>V,</strong></span> <span class='ocrx_word' id='word_1_184' title='bbox 379 2942 449 3018; x_wconf 76' lang='lat'><strong>25.</strong></span> <span class='ocrx_word' id='word_1_185' title='bbox 478 2948 526 3020; x_wconf 85' lang='lat' dir='ltr'><strong>cl&#39;.</strong></span> <span class='ocrx_word' id='word_1_186' title='bbox 547 2948 598 3041; x_wconf 92' lang='lat' dir='ltr'><strong>V,</strong></span> <span class='ocrx_word' id='word_1_187' title='bbox 623 2944 738 3050; x_wconf 62' lang='lat' dir='ltr'><strong>59.ss</strong></span> <span class='ocrx_word' id='word_1_188' title='bbox 761 2973 870 3049; x_wconf 86' lang='lat' dir='ltr'><strong>qnos,</strong></span> <span class='ocrx_word' id='word_1_189' title='bbox 897 2961 938 3023; x_wconf 90' lang='grc' dir='ltr'><strong>ιιι</strong></span> <span class='ocrx_word' id='word_1_190' title='bbox 962 2948 1117 3024; x_wconf 87' lang='lat' dir='ltr'><strong>discendi</strong></span> <span class='ocrx_word' id='word_1_191' title='bbox 1142 2949 1399 3048; x_wconf 85' lang='lat' dir='ltr'><strong>quaerendique</strong></span> <span class='ocrx_word' id='word_1_192' title='bbox 1416 2949 1552 3022; x_wconf 81' lang='lat' dir='ltr'><strong>divinae</strong></span> <span class='ocrx_word' id='word_1_193' title='bbox 1577 2947 1726 3020; x_wconf 83' lang='lat' dir='ltr'><strong>delecta·</strong></span> 
     </span>
     <span class='ocr_line' id='line_1_24' title="bbox 302 3046 1727 3148; baseline 0 -28"><span class='ocrx_word' id='word_1_194' title='bbox 302 3046 388 3120; x_wconf 89' lang='lat' dir='ltr'><strong>tioni</strong></span> <span class='ocrx_word' id='word_1_195' title='bbox 419 3057 492 3120; x_wconf 89' lang='lat' dir='ltr'><strong>toto</strong></span> <span class='ocrx_word' id='word_1_196' title='bbox 517 3073 555 3120; x_wconf 88' lang='lat' dir='ltr'><strong>se</strong></span> <span class='ocrx_word' id='word_1_197' title='bbox 584 3051 700 3124; x_wconf 89' lang='lat' dir='ltr'><strong>animo</strong></span> <span class='ocrx_word' id='word_1_198' title='bbox 733 3049 815 3123; x_wconf 86' lang='lat' dir='ltr'><strong>dare</strong></span> <span class='ocrx_word' id='word_1_199' title='bbox 849 3061 1012 3147; x_wconf 85' lang='lat' dir='ltr'><strong>possent,</strong></span> <span class='ocrx_word' id='word_1_200' title='bbox 1048 3075 1151 3148; x_wconf 77' lang='lat' dir='ltr'><strong>agros</strong></span> <span class='ocrx_word' id='word_1_201' title='bbox 1167 3062 1205 3122; x_wconf 86' lang='lat' dir='ltr'><strong>et</strong></span> <span class='ocrx_word' id='word_1_202' title='bbox 1227 3051 1432 3147; x_wconf 87' lang='lat' dir='ltr'><strong>patrimonia</strong></span> <span class='ocrx_word' id='word_1_203' title='bbox 1459 3075 1523 3120; x_wconf 87' lang='lat' dir='ltr'><strong>suu</strong></span> <span class='ocrx_word' id='word_1_204' title='bbox 1544 3047 1727 3142; x_wconf 71' lang='lat' dir='ltr'><strong>reliquisse</strong></span> 
     </span>
     <span class='ocr_line' id='line_1_25' title="bbox 303 3140 1727 3247; baseline 0.001 -28"><span class='ocrx_word' id='word_1_205' title='bbox 303 3145 433 3220; x_wconf 77' lang='lat' dir='ltr'><strong>lerunt.</strong></span> <span class='ocrx_word' id='word_1_206' title='bbox 485 3147 578 3222; x_wconf 86' lang='lat' dir='ltr'><strong>Mihi</strong></span> <span class='ocrx_word' id='word_1_207' title='bbox 609 3149 769 3246; x_wconf 89' lang='lat' dir='ltr'><strong>quidem,</strong></span> <span class='ocrx_word' id='word_1_208' title='bbox 813 3151 845 3222; x_wconf 90' lang='lat' dir='ltr'><strong>si</strong></span> <span class='ocrx_word' id='word_1_209' title='bbox 876 3161 994 3246; x_wconf 84' lang='lat' dir='ltr'><strong>aperte</strong></span> <span class='ocrx_word' id='word_1_210' title='bbox 1023 3148 1158 3240; x_wconf 87' lang='lat' dir='ltr'><strong>dicum,</strong></span> <span class='ocrx_word' id='word_1_211' title='bbox 1197 3149 1293 3247; x_wconf 92' lang='lat' dir='ltr'><strong>quod</strong></span> <span class='ocrx_word' id='word_1_212' title='bbox 1320 3152 1451 3244; x_wconf 87' lang='lat' dir='ltr'><strong>sentio,</strong></span> <span class='ocrx_word' id='word_1_213' title='bbox 1489 3140 1526 3221; x_wconf 90' lang='lat' dir='ltr'><strong>id</strong></span> <span class='ocrx_word' id='word_1_214' title='bbox 1552 3146 1727 3246; x_wconf 83' lang='lat' dir='ltr'><strong>judicium</strong></span> 
     </span>
     <span class='ocr_line' id='line_1_26' title="bbox 301 3247 1727 3346; baseline -0.004 -26"><span class='ocrx_word' id='word_1_215' title='bbox 301 3247 443 3320; x_wconf 84' lang='lat' dir='ltr'><strong>minime</strong></span> <span class='ocrx_word' id='word_1_216' title='bbox 481 3250 731 3346; x_wconf 84' lang='lat' dir='ltr'><strong>circumspecte</strong></span> <span class='ocrx_word' id='word_1_217' title='bbox 764 3257 800 3328; x_wconf 84' lang='lat' dir='ltr'><strong>ct</strong></span> <span class='ocrx_word' id='word_1_218' title='bbox 839 3258 940 3322; x_wconf 91' lang='lat' dir='ltr'><strong>cante</strong></span> <span class='ocrx_word' id='word_1_219' title='bbox 981 3251 1247 3346; x_wconf 90' lang='lat' dir='ltr'><strong>pronunciatum</strong></span> <span class='ocrx_word' id='word_1_220' title='bbox 1284 3249 1443 3346; x_wconf 69' lang='lat' dir='ltr'><strong>videtur,</strong></span> <span class='ocrx_word' id='word_1_221' title='bbox 1491 3248 1727 3346; x_wconf 89' lang='lat' dir='ltr'><strong>obloquuntur</strong></span> 
     </span>
    </p>
   </div>
   <div class='ocr_carea' id='block_1_7' title="bbox 152 3344 1727 3450">
    <p class='ocr_par' dir='ltr' id='par_1_9' title="bbox 152 3344 1727 3450">
     <span class='ocr_line' id='line_1_27' title="bbox 152 3344 1727 3450; baseline -0.003 -29"><span class='ocrx_word' id='word_1_222' title='bbox 152 3351 157 3360; x_wconf 90' lang='lat'>&#39;</span> <span class='ocrx_word' id='word_1_223' title='bbox 303 3350 419 3420; x_wconf 75' lang='lat' dir='ltr'><strong>amma</strong></span> <span class='ocrx_word' id='word_1_224' title='bbox 451 3351 766 3447; x_wconf 81' lang='lat' dir='ltr'><strong>antiquissimorum</strong></span> <span class='ocrx_word' id='word_1_225' title='bbox 783 3351 999 3446; x_wconf 83' lang='lat' dir='ltr'><strong>‘scriptorum</strong></span> <span class='ocrx_word' id='word_1_226' title='bbox 1018 3352 1235 3443; x_wconf 81' lang='lat' dir='ltr'><strong>testimonia,</strong></span> <span class='ocrx_word' id='word_1_227' title='bbox 1270 3363 1415 3450; x_wconf 84' lang='lat' dir='ltr'><strong>excepto</strong></span> <span class='ocrx_word' id='word_1_228' title='bbox 1439 3378 1510 3426; x_wconf 89' lang='lat' dir='ltr'><strong>nuo</strong></span> <span class='ocrx_word' id='word_1_229' title='bbox 1536 3344 1727 3421; x_wconf 82' lang='lat' dir='ltr'><strong>Heraclide</strong></span> 
     </span>
    </p>
   </div>
   <div class='ocr_carea' id='block_1_8' title="bbox 301 3447 1726 3847">
    <p class='ocr_par' dir='ltr' id='par_1_10' title="bbox 301 3447 1726 3847">
     <span class='ocr_line' id='line_1_28' title="bbox 302 3447 1726 3548; baseline 0.001 -26"><span class='ocrx_word' id='word_1_230' title='bbox 302 3447 475 3542; x_wconf 81' lang='lat' dir='ltr'><strong>Pontico,</strong></span> <span class='ocrx_word' id='word_1_231' title='bbox 518 3451 580 3548; x_wconf 89' lang='lat' dir='ltr'><strong>qui</strong></span> <span class='ocrx_word' id='word_1_232' title='bbox 603 3449 760 3522; x_wconf 86' lang='lat' dir='ltr'><strong>Samium</strong></span> <span class='ocrx_word' id='word_1_233' title='bbox 784 3452 908 3547; x_wconf 89' lang='lat' dir='ltr'><strong>spretis</strong></span> <span class='ocrx_word' id='word_1_234' title='bbox 933 3449 1105 3524; x_wconf 84' lang='lat' dir='ltr'><strong>humanae</strong></span> <span class='ocrx_word' id='word_1_235' title='bbox 1129 3453 1220 3524; x_wconf 79' lang='lat' dir='ltr'><strong>vitae</strong></span> <span class='ocrx_word' id='word_1_236' title='bbox 1242 3453 1366 3525; x_wconf 88' lang='lat' dir='ltr'><strong>studiis</strong></span> <span class='ocrx_word' id='word_1_237' title='bbox 1388 3456 1427 3524; x_wconf 93' lang='lat' dir='ltr'><strong>in</strong></span> <span class='ocrx_word' id='word_1_238' title='bbox 1450 3477 1566 3524; x_wconf 89' lang='lat' dir='ltr'><strong>rerum</strong></span> <span class='ocrx_word' id='word_1_239' title='bbox 1592 3457 1726 3524; x_wconf 75' lang='lat' dir='ltr'><strong>nuum</strong></span> 
     </span>
     <span class='ocr_line' id='line_1_29' title="bbox 302 3543 1725 3648; baseline -0.003 -28"><span class='ocrx_word' id='word_1_240' title='bbox 302 3557 444 3622; x_wconf 84' lang='lat' dir='ltr'><strong>naturae</strong></span> <span class='ocrx_word' id='word_1_241' title='bbox 474 3551 744 3646; x_wconf 85' lang='lat' dir='ltr'><strong>perscrutatione</strong></span> <span class='ocrx_word' id='word_1_242' title='bbox 777 3575 915 3624; x_wconf 88' lang='lat' dir='ltr'><strong>omnem</strong></span> <span class='ocrx_word' id='word_1_243' title='bbox 940 3550 1158 3624; x_wconf 88' lang='lat' dir='ltr'><strong>dnlcedinem</strong></span> <span class='ocrx_word' id='word_1_244' title='bbox 1182 3555 1353 3624; x_wconf 84' lang='lat' dir='ltr'><strong>invenisse</strong></span> <span class='ocrx_word' id='word_1_245' title='bbox 1377 3562 1487 3648; x_wconf 87' lang='lat' dir='ltr'><strong>putat.</strong></span> <span class='ocrx_word' id='word_1_246' title='bbox 1540 3549 1658 3638; x_wconf 79' lang='lat' dir='ltr'><strong>Quam</strong></span> <span class='ocrx_word' id='word_1_247' title='bbox 1680 3543 1725 3618; x_wconf 86' lang='lat' dir='ltr'><strong>oh</strong></span> 
     </span>
     <span class='ocr_line' id='line_1_30' title="bbox 301 3646 1723 3748; baseline -0.007 -22"><span class='ocrx_word' id='word_1_248' title='bbox 301 3673 377 3726; x_wconf 77' lang='lat' dir='ltr'><strong>rem</strong></span> <span class='ocrx_word' id='word_1_249' title='bbox 396 3651 556 3748; x_wconf 83' lang='lat' dir='ltr'><strong>equidem</strong></span> <span class='ocrx_word' id='word_1_250' title='bbox 578 3651 879 3748; x_wconf 84' lang='lat' dir='ltr'><strong>persuasissimum</strong></span> <span class='ocrx_word' id='word_1_251' title='bbox 903 3649 1038 3744; x_wconf 85' lang='lat' dir='ltr'><strong>habeo,</strong></span> <span class='ocrx_word' id='word_1_252' title='bbox 1074 3650 1296 3739; x_wconf 83' lang='lat' dir='ltr'><strong>Heraclidis,</strong></span> <span class='ocrx_word' id='word_1_253' title='bbox 1324 3677 1427 3748; x_wconf 89' lang='lat' dir='ltr'><strong>quem</strong></span> <span class='ocrx_word' id='word_1_254' title='bbox 1450 3649 1590 3724; x_wconf 89' lang='lat' dir='ltr'><strong>doctum</strong></span> <span class='ocrx_word' id='word_1_255' title='bbox 1614 3646 1723 3743; x_wconf 89' lang='lat' dir='ltr'><strong>inpri-</strong></span> 
     </span>
     <span class='ocr_line' id='line_1_31' title="bbox 302 3748 1722 3847; baseline -0.002 -25"><span class='ocrx_word' id='word_1_256' title='bbox 302 3751 369 3822; x_wconf 83' lang='lat' dir='ltr'><strong>mis</strong></span> <span class='ocrx_word' id='word_1_257' title='bbox 392 3748 588 3847; x_wconf 85' lang='lat' dir='ltr'><strong>praedicat,</strong></span> <span class='ocrx_word' id='word_1_258' title='bbox 617 3751 820 3823; x_wconf 80' lang='lat' dir='ltr'><strong>auctoritate</strong></span> <span class='ocrx_word' id='word_1_259' title='bbox 843 3754 881 3824; x_wconf 89' lang='lat' dir='ltr'><strong>in</strong></span> <span class='ocrx_word' id='word_1_260' title='bbox 906 3750 997 3824; x_wconf 72' lang='lat' dir='ltr'><strong>lianc</strong></span> <span class='ocrx_word' id='word_1_261' title='bbox 1019 3753 1221 3824; x_wconf 84' lang='lat' dir='ltr'><strong>sententiam</strong></span> <span class='ocrx_word' id='word_1_262' title='bbox 1244 3751 1431 3825; x_wconf 84' lang='lat' dir='ltr'><strong>adductum</strong></span> <span class='ocrx_word' id='word_1_263' title='bbox 1457 3777 1533 3827; x_wconf 88' lang='lat' dir='ltr'><strong>csse</strong></span> <span class='ocrx_word' id='word_1_264' title='bbox 1549 3748 1722 3822; x_wconf 85' lang='lat' dir='ltr'><strong>Tullium.</strong></span> 
     </span>
    </p>
   </div>
   <div class='ocr_carea' id='block_1_9' title="bbox 291 3845 1887 4060">
    <p class='ocr_par' dir='ltr' id='par_1_11' title="bbox 291 3845 1887 4060">
     <span class='ocr_line' id='line_1_32' title="bbox 302 3845 1875 3954; baseline -0.004 -30"><span class='ocrx_word' id='word_1_265' title='bbox 302 3845 363 3924; x_wconf 75' lang='lat' dir='ltr'><strong>Cf.</strong></span> <span class='ocrx_word' id='word_1_266' title='bbox 391 3849 509 3926; x_wconf 85' lang='lat' dir='ltr'><strong>Cicer.</strong></span> <span class='ocrx_word' id='word_1_267' title='bbox 537 3851 647 3922; x_wconf 86' lang='lat' dir='ltr'><strong>Tusc.</strong></span> <span class='ocrx_word' id='word_1_268' title='bbox 673 3849 723 3942; x_wconf 81' lang='lat' dir='ltr'><strong>Q.</strong></span> <span class='ocrx_word' id='word_1_269' title='bbox 751 3851 812 3943; x_wconf 94' lang='lat' dir='ltr'><strong>V,</strong></span> <span class='ocrx_word' id='word_1_270' title='bbox 841 3849 882 3924; x_wconf 78' lang='grc'><strong>5.</strong></span> <span class='ocrx_word' id='word_1_271' title='bbox 910 3848 1046 3924; x_wconf 85' lang='lat' dir='ltr'><strong>dambl.</strong></span> <span class='ocrx_word' id='word_1_272' title='bbox 1081 3849 1119 3950; x_wconf 69' lang='grc'><strong>5.</strong></span> <span class='ocrx_word' id='word_1_273' title='bbox 1139 3848 1208 3924; x_wconf 77' lang='lat'><strong>58.</strong></span> <span class='ocrx_word' id='word_1_274' title='bbox 1229 3848 1299 3924; x_wconf 76' lang='grc'><strong>59.</strong></span> <span class='ocrx_word' id='word_1_275' title='bbox 1351 3853 1572 3954; x_wconf 70' lang='lat' dir='ltr'><strong>Pythagoras</strong></span> <span class='ocrx_word' id='word_1_276' title='bbox 1593 3850 1723 3952; x_wconf 83' lang='lat' dir='ltr'><strong>pariter</strong></span> <span class='ocrx_word' id='word_1_277' title='bbox 1866 3861 1875 3876; x_wconf 88' lang='grc'><em>·</em></span> 
     </span>
     <span class='ocr_line' id='line_1_33' title="bbox 291 3949 1887 4060; baseline -0.004 -34"><span class='ocrx_word' id='word_1_278' title='bbox 291 3949 434 4060; x_wconf 28' lang='lat' dir='ltr'><strong>,proluit</strong></span> <span class='ocrx_word' id='word_1_279' title='bbox 455 3951 635 4051; x_wconf 87' lang='lat' dir='ltr'><strong>discipulis</strong></span> <span class='ocrx_word' id='word_1_280' title='bbox 656 3952 870 4027; x_wconf 89' lang='lat' dir='ltr'><strong>institutione</strong></span> <span class='ocrx_word' id='word_1_281' title='bbox 891 3963 926 4026; x_wconf 88' lang='lat' dir='ltr'><strong>et</strong></span> <span class='ocrx_word' id='word_1_282' title='bbox 950 3951 1130 4046; x_wconf 83' lang='lat' dir='ltr'><strong>doctrina,</strong></span> <span class='ocrx_word' id='word_1_283' title='bbox 1162 3964 1272 4053; x_wconf 84' lang='lat' dir='ltr'><strong>atque</strong></span> <span class='ocrx_word' id='word_1_284' title='bbox 1290 3953 1502 4056; x_wconf 83' lang='lat' dir='ltr'><strong>reipublicae</strong></span> <span class='ocrx_word' id='word_1_285' title='bbox 1523 3950 1667 4027; x_wconf 86' lang='lat' dir='ltr'><strong>consilio</strong></span> <span class='ocrx_word' id='word_1_286' title='bbox 1689 3957 1725 4020; x_wconf 86' lang='lat' dir='ltr'><strong>et</strong></span> <span class='ocrx_word' id='word_1_287' title='bbox 1792 3982 1798 3992; x_wconf 94' lang='lat'>·</span> <span class='ocrx_word' id='word_1_288' title='bbox 1878 4042 1887 4059; x_wconf 45' lang='lat'><strong>·</strong></span> 
     </span>
    </p>
   </div>
   <div class='ocr_carea' id='block_1_10' title="bbox 299 4213 1727 4567">
    <p class='ocr_par' dir='ltr' id='par_1_12' title="bbox 299 4213 1727 4567">
     <span class='ocr_line' id='line_1_34' title="bbox 299 4213 1727 4398; baseline -0.001 -28"><span class='ocrx_word' id='word_1_289' title='bbox 299 4303 302 4312; x_wconf 96' lang='lat'>·</span> <span class='ocrx_word' id='word_1_290' title='bbox 347 4215 388 4308; x_wconf 56' lang='grc' dir='ltr'><strong>ι)</strong></span> <span class='ocrx_word' id='word_1_291' title='bbox 409 4213 1727 4398; x_wconf 52' lang='grc' dir='ltr'><strong>52.ῗὲὼὲιέῗοᾗ..ἳῖι”ἔὲἒὲ“ἶ’.ιὥῗέἓ““ιέῗῖι.ἓῖἳ..ῗὲ“”ἑίιιῗἻῗέἒιιΙιΙ</strong></span> 
     </span>
     <span class='ocr_line' id='line_1_35' title="bbox 401 4386 1725 4471; baseline -0.002 -18"><span class='ocrx_word' id='word_1_292' title='bbox 401 4387 582 4454; x_wconf 75' lang='lat' dir='ltr'><strong>auctoritas</strong></span> <span class='ocrx_word' id='word_1_293' title='bbox 613 4397 732 4471; x_wconf 84' lang='lat' dir='ltr'><strong>quantu</strong></span> <span class='ocrx_word' id='word_1_294' title='bbox 761 4386 857 4456; x_wconf 80' lang='lat' dir='ltr'><strong>fucrit</strong></span> <span class='ocrx_word' id='word_1_295' title='bbox 887 4389 920 4455; x_wconf 93' lang='lat' dir='ltr'><strong>in</strong></span> <span class='ocrx_word' id='word_1_296' title='bbox 942 4391 1068 4458; x_wconf 79' lang='lat' dir='ltr'><strong>civitate</strong></span> <span class='ocrx_word' id='word_1_297' title='bbox 1088 4392 1131 4458; x_wconf 91' lang='lat' dir='ltr'><strong>ab</strong></span> <span class='ocrx_word' id='word_1_298' title='bbox 1151 4414 1171 4458; x_wconf 94' lang='lat' dir='ltr'><strong>o</strong></span> <span class='ocrx_word' id='word_1_299' title='bbox 1195 4393 1356 4462; x_wconf 89' lang='lat' dir='ltr'><strong>timatibus</strong></span> <span class='ocrx_word' id='word_1_300' title='bbox 1377 4391 1611 4471; x_wconf 85' lang='lat' dir='ltr'><strong>administrata,</strong></span> <span class='ocrx_word' id='word_1_301' title='bbox 1642 4389 1725 4454; x_wconf 85' lang='lat' dir='ltr'><strong>inter</strong></span> 
     </span>
     <span class='ocr_line' id='line_1_36' title="bbox 410 4469 1724 4567; baseline 0.003 -31"><span class='ocrx_word' id='word_1_302' title='bbox 410 4493 522 4540; x_wconf 84' lang='lat' dir='ltr'><strong>omnes</strong></span> <span class='ocrx_word' id='word_1_303' title='bbox 563 4481 698 4552; x_wconf 75' lang='lat' dir='ltr'><strong>mustut</strong></span> <span class='ocrx_word' id='word_1_304' title='bbox 750 4470 802 4538; x_wconf 82' lang='lat' dir='ltr'><strong>Ol.</strong></span> <span class='ocrx_word' id='word_1_305' title='bbox 835 4471 955 4550; x_wconf 61' lang='lat' dir='ltr'><strong>,Odoin</strong></span> <span class='ocrx_word' id='word_1_306' title='bbox 983 4475 1126 4544; x_wconf 83' lang='lat' dir='ltr'><strong>Mueller.</strong></span> <span class='ocrx_word' id='word_1_307' title='bbox 1208 4499 1255 4546; x_wconf 91' lang='lat' dir='ltr'><strong>or.</strong></span> <span class='ocrx_word' id='word_1_308' title='bbox 1289 4477 1330 4546; x_wconf 71' lang='lat' dir='ltr'><strong>&#39;lt</strong></span> <span class='ocrx_word' id='word_1_309' title='bbox 1355 4477 1398 4546; x_wconf 90' lang='lat' dir='ltr'><strong>ll.</strong></span> <span class='ocrx_word' id='word_1_310' title='bbox 1447 4497 1522 4567; x_wconf 81' lang='lat' dir='ltr'><strong>pag.</strong></span> <span class='ocrx_word' id='word_1_311' title='bbox 1550 4474 1621 4544; x_wconf 78' lang='grc'><strong>179.</strong></span> <span class='ocrx_word' id='word_1_312' title='bbox 1662 4469 1724 4540; x_wconf 75' lang='lat' dir='ltr'><strong>rial</strong></span> 
     </span>
    </p>
   </div>
   <div class='ocr_carea' id='block_1_11' title="bbox 409 4554 679 4646">
    <p class='ocr_par' dir='ltr' id='par_1_13' title="bbox 409 4554 679 4646">
     <span class='ocr_line' id='line_1_37' title="bbox 409 4554 679 4646; baseline -0.019 -22"><span class='ocrx_word' id='word_1_313' title='bbox 409 4577 486 4646; x_wconf 64' lang='grc' dir='ltr'><strong>με.</strong></span> <span class='ocrx_word' id='word_1_314' title='bbox 508 4554 570 4624; x_wconf 81' lang='grc'><strong>134</strong></span> <span class='ocrx_word' id='word_1_315' title='bbox 590 4575 679 4642; x_wconf 87' lang='lat' dir='ltr'><strong>seqq.</strong></span> 
     </span>
    </p>
   </div>
   <div class='ocr_carea' id='block_1_12' title="bbox 1157 4685 1163 4702">
    <p class='ocr_par' dir='ltr' id='par_1_14' title="bbox 1157 4685 1163 4702">
     <span class='ocr_line' id='line_1_38' title="bbox 1157 4685 1163 4702; baseline 0 0"><span class='ocrx_word' id='word_1_316' title='bbox 1157 4685 1163 4702; x_wconf 69' lang='grc'><strong>1</strong></span> 
     </span>
    </p>
   </div>
   <div class='ocr_carea' id='block_1_13' title="bbox 1852 889 1858 936">
    <p class='ocr_par' dir='ltr' id='par_1_15' title="bbox 1852 889 1858 936">
     <span class='ocr_line' id='line_1_39' title="bbox 1852 889 1858 936; baseline 0 0"><span class='ocrx_word' id='word_1_317' title='bbox 1852 889 1858 936; x_wconf 87' lang='lat' dir='ltr'><strong>l</strong></span> 
     </span>
    </p>
   </div>
   <div class='ocr_carea' id='block_1_14' title="bbox 0 0 2218 5306">
    <p class='ocr_par' dir='ltr' id='par_1_16' title="bbox 0 0 2218 5306">
     <span class='ocr_line' id='line_1_40' title="bbox 0 0 2218 5306; baseline 0 7"><span class='ocrx_word' id='word_1_318' title='bbox 0 0 2218 5306; x_wconf 95' lang='lat' dir='ltr'><strong> </strong></span> 
     </span>
    </p>
   </div>
  </div>
 </body>
</html>
