4438 5292
1051 581 1309 656 ...M-

472 776 646 876 contraria
679 773 743 864 iis,
795 781 884 870 quas
925 781 965 844 ut
993 767 1216 869 Pythagorae
1253 770 1396 870 placitas
1436 771 1682 875 proposuimus
1715 775 1894 852 civitatum

468 873 773 978 gubernandarum
802 871 1013 973 rationibus,
1050 883 1085 944 et
1113 884 1247 944 tantum
1279 871 1396 967 abest,
1431 889 1473 950 'ut
1506 901 1626 948 eourm
1658 874 1811 948 shrdium
1835 879 1892 950 vat

470 976 634 1050 laudandi
652 974 707 1047 vel
729 973 917 1046 excusandi
936 973 1164 1069 suscipiamus
1182 976 1372 1072 negotium,
1399 987 1439 1048 ut
1460 987 1558 1050 extra
1571 976 1743 1049 cancellos
1762 976 1891 1050 doctri·

471 1099 537 1152 nae
581 1103 641 1150 eos
681 1081 841 1173 egressos
871 1099 1063 1192 ‘arguamus
1075 1101 1087 1166 3
1127 1086 1162 1146 at
1197 1076 1349 1173 graviter
1386 1077 1668 1174 reprehendimus
1698 1103 1781 1168 cos,
1829 1080 1891 1175 qui

282 1273 285 1280 Ι
344 1189 351 1198 “
468 1181 578 1277 ipsius
603 1175 826 1274 Pythagorae
851 1200 996 1274 ejusque
1021 1174 1221 1284 disciplinae
1240 1178 1417 1274 proprium
1443 1203 1485 1250 ac
1510 1203 1682 1250 summum
1708 1178 1890 1250 eonsilium

468 1283 576 1356 [uisse
602 1278 818 1375 putaverint,
851 1279 953 1349 tacite
978 1287 1013 1348 et
1037 1275 1172 1348 occulte
1195 1275 1309 1350 delere
1329 1279 1450 1375 popuii
1468 1277 1568 1377 jura,
1596 1289 1699 1375 atque
1719 1280 1767 1351 ita
1792 1299 1890 1351 ever·

466 1393 539 1454 tere
572 1380 719 1450 civitatis
754 1377 920 1468 formam,
965 1400 1029 1448 nec
1053 1380 1308 1473 reputaverint,
1345 1379 1572 1480 philosophos
1608 1381 1790 1476 optimates
1816 1381 1889 1452 suis

468 1479 657 1554 commodis
690 1480 938 1577 prospicientes
973 1479 1121 1575 ancipite
1153 1489 1286 1550 tannem
1320 1489 1404 1552 tuuc
1429 1482 1592 1578 temporis
1627 1489 1718 1552 stetu
1741 1481 1907 1562 monitos·

469 1584 576 1666 fuisse
602 1591 636 1653 et
661 1580 844 1678 impulsos.
898 1577 972 1652 Sed
1008 1580 1149 1676 cognito
1173 1603 1335 1677 agrorum
1357 1579 1423 1654 sihi
1446 1580 1734 1653 vindicandorum
1758 1579 1886 1673 studio,
1914 1655 1917 1667 ,

467 1682 640 1779 simulque
668 1694 704 1752 ut
734 1681 870 1752 videtur
893 1678 1082 1752 abolendae
1109 1682 1286 1752 concionis
1313 1683 1482 1776 consilio,
1523 1683 1687 1753 incitante
1714 1691 1890 1778 prestereu

466 1785 615 1858 sectione
647 1781 864 1878 philosophis
895 1780 1021 1852 intesta
1054 1777 1195 1880 (causae
1227 1781 1320 1854 enim
1353 1783 1554 1862 insidiarum
1582 1781 1700 1880 plures
1725 1781 1889 1854 dicuntur

467 1910 540 1958 sec.
586 1880 722 1956 dambl.
772 1882 808 1981 ξ.
829 1877 984 1982 248.),.
1030 1881 1258 1954 multitudinis
1298 1883 1350 1956 ira
1384 1881 1469 1956 odeo
1499 1883 1710 1954 inflammata
1739 1895 1813 1973 est,
1850 1894 1889 1954 ut

465 1987 623 2082 antiqua,
645 2009 728 2081 crgo
761 1981 1003 2081 Pythagoreos
1042 1981 1279 2054 benevolentia
1313 1985 1351 2056 in
1390 1983 1508 2058 odium
1548 2007 1623 2056 sese
1658 1995 1885 2073 converteret,

466 2087 572 2183 idque
610 2095 817 2181 crumperet.
878 2082 1048 2180 Apolioa.
1081 2109 1138 2180 ap.
1175 2081 1311 2156 dambl.
1362 2084 1399 2186 ἓ.
1419 2081 1516 2156 255.
1582 2085 1640 2156 De
1676 2083 1745 2157 fide
1784 2082 1888 2256 hugus

467 2187 630 2260 historiae
661 2209 763 2261 nemo
795 2182 899 2255 hodie
932 2182 1084 2275 dubitat,
1126 2184 1173 2254 cf.
1202 2182 1374 2257 Niebuhr.
1400 2187 1499 2258 Hist.
1527 2185 1635 2256 Rom.
1662 2184 1694 2255 1.
1736 2180 1814 2280 pt
1845 2181 1885 2256 6.

466 2301 540 2361 not.
559 2283 655 2358 445.
710 2283 838 2358 Odosr.
863 2283 1026 2358 Mueller.
1055 2285 1145 2358 Dor.
1169 2285 1222 2356 11.
1262 2312 1300 2383 p.
1323 2281 1414 2356 480.
1468 2285 1653 2358 Welcher.
1682 2283 1884 2384 Prolegom.

466 2389 511 2462 ad
540 2386 703 2484 Theogn.
738 2413 775 2483 p.
794 2381 862 2459 48.
916 2384 1217 2484 Pphagoreorum
1247 2387 1494 2484 consanguinei
1518 2410 1621 2484 aegre
1647 2385 1793 2457 serentes
1814 2387 1886 2456 sin-

466 2490 623 2590 gularem
649 2513 768 2560 eorum
790 2485 929 2560 vivendi
946 2487 1132 2578 rationem,
1162 2487 1320 2583 inprimis
1341 2512 1424 2560 vero
1441 2498 1570 2558 arctam
1590 2497 1780 2580 tectamque
1801 2507 1885 2569 eon·

467 2592 713 2681 sociationem,
749 2613 819 2684 qun
845 2587 927 2660 solis
953 2588 1072 2660 amicis
1096 2587 1250 2684 dextram
1278 2587 1384 2682 dure,
1416 2588 1549 2660 nemini
1567 2597 1703 2677 auum,
1736 2587 1887 2683 exceptis

465 2690 983 2866 ttttt.¹’.¹.¹⁵nttttttt?t.
1005 2685 1215 2863 peiiiiii
1239 2685 1465 2862 ttffit
1492 2699 1636 2889 ‘gihit
1657 2685 1751 2858 det}
1773 2697 1913 2859 gp,-

415 2967 419 2978 ,
466 2893 572 2964 Nunc
606 2888 790 2961 extiterunt
820 2896 891 2958 tres
926 2885 977 2957 ilii
1013 2813 1136 2984 popili
1160 2816 1330 2980 fautoris,
1380 2891 1588 2988 Hippasus,
1631 2885 1812 2961 Diodorus
1853 2897 1886 2960 et

464 2990 648 3098 ThoageS,
685 2991 886 3086 optimatum
911 2987 982 3056 vim
1008 3001 1042 3079 et
1066 2998 1269 3086 potestatem
1289 2987 1493 3082 infrecturi,
1532 2987 1643 3088 plebis
1658 2999 1789 3061 'contra
1812 3013 1883 3060 am·

465 3091 671 3192 plitieuturi,
705 3091 767 3186 qui
799 3089 992 3188 superiores
1015 3089 1154 3164 tandem
1178 3117 1288 3188 quruu
1313 3093 1521 3181 accensent,
1562 3090 1598 3162 iu
1621 3100 1726 3186 caput
1750 3087 1882 3188 Pytha·

466 3219 650 3292 goreorum
674 3193 819 3262 erimina
838 3189 987 3264 conflata
1003 3203 1097 3264 sunt.
1150 3188 1320 3289 Apollon.
1336 3219 1392 3290 ap.
1414 3191 1552 3266 damhl.
1572 3189 1609 3291 g.
1622 3187 1719 3264 257.
1753 3187 1882 3288 Cydon,

467 3294 567 3390 cujus
599 3292 781 3387 hucusque
816 3293 1022 3364 mentionem
1054 3317 1118 3366 nos
1155 3293 1313 3367 consulto
1348 3294 1615 3385 intermisimus,
1659 3292 1712 3362 vir
1742 3314 1883 3388 gean

401 3457 403 3462 ’
464 3389 1665 3594 tttttffm..t¹.⁰tt.‚“.ttdt.d.f⁰‘3t“t;¹.¹tffl.,stt¹ttss⁰tta
1683 3401 1914 3564 “ffi-

303 3603 308 3618 ⁸
376 3681 383 3688 ,
463 3595 648 3695 praeclaris
690 3589 794 3672 rebus
834 3593 997 3676 omuibus
1038 3593 1203 3694 dignum,
1246 3609 1339 3676 tum,
1356 3607 1472 3671 nutem
1509 3597 1612 3694 louge
1639 3593 1882 3692 dignissimum

459 3698 669 3796 judicasset,
704 3697 765 3792 qui
801 3693 1124 3795 Pythagoricorum.
1162 3699 1336 3773 consortio
1368 3695 1642 3785 adscriberetur,
1684 3692 1731 3765 oh
1770 3691 1881 3764 dictes

372 3793 376 3804 ’
447 3809 576 3870 autem
602 3821 724 3867 causas
745 3819 766 3868 a
790 3794 994 3894 Pythagora
1017 3798 1054 3866 in
1079 3797 1281 3898 prohatiouc
1304 3797 1486 3895 repulsum,
1502 3797 1656 3887 tulisset,
1679 3793 1760 3867 odio
1786 3795 1894 3889 capi-¹

461 3899 523 3974 tali
548 3897 716 3976 adversus
740 3894 836 3974 hunc
859 3895 1003 3993 ejusque
1029 3900 1160 3972 amicos
1188 3911 1376 3997 concepto,
1413 3894 1772 3999 mugnumjraapioeu
1798 3914 1881 3966 eou-

463 4001 640 4100 grsgavit,
669 4021 738 4094 qna
762 3993 962 4094 ubieunque
981 3999 1112 4096 potuit,
1149 4001 1303 4098 ipsorum
1328 3999 1453 4075 studiis
1478 4012 1514 4074 et
1534 3997 1686 4073 consiliis
1706 3993 1883 4070 adversari

463 4099 683 4172 conaturus·
718 4093 879 4168 Ariston.
903 4122 961 4194 ap.
984 4097 1119 4172 damhi.
1150 4099 1192 4272 ἓ.
1215 4097 1311 4174 248.
1336 4098 1433 4172 249.
1464 4125 1521 4198 ap.
1546 4098 1725 4195 Porphyr.
1753 4093 1791 4195 §2
1810 4093 1879 4167 54.

463 4225 521 4296 ap.
550 4199 658 4272 Diod.
687 4197 761 4270 Sic.
788 4197 880 4274 luxa.
909 4198 1029 4273 Vates.
1061 4199 1149 4301 pu
1178 4199 1217 4274 5.
1259 4197 1439 4300 Apollon.
1468 4227 1527 4298 ap.
1554 4199 1690 4274 Jambt.
1728 4201 1762 4292 ξ.
1783 4193 1879 4270 258.

464 4299 658 4372 Phanoria.
701 4324 758 4395 ap.
796 4300 905 4398 Diog.
949 4299 1068 4372 Latini.
1100 4301 1217 4394 vlu,
1253 4297 1323 4374 49.
1358 4302 1446 4376 adde
1490 4302 1597 4399 Diog.
1637 4299 1684 4370 1..
1720 4301 1781 4391 Π,
1810 4293 1878 4370 46.

466 4399 554 4500 [quo
579 4425 643 4496 pro
669 4391 805 4480 Κύδων
836 4398 906 4482 aeui
929 4395 1099 4481 Ὀνῖιίτας
1130 4401 1314 4502 wadum
1339 4415 1391 4476 est
1420 4429 1502 4476 cum
1527 4401 1693 4498 Menugio
1719 4397 1764 4474 ad
1789 4397 1826 4470 h.
1852 4396 1878 4467 l.

298 4466 304 4472 ι
463 4498 612 4584 Κύλων
631 4495 911 4601 Κροτωνιάτης,
934 4499 996 4574 sed
1016 4501 1104 4574 salso
1122 4503 1279 4578 emenda
1298 4502 1390 4576 idem
1408 4501 1452 4576 ad
1467 4503 1574 4594 vm,
1592 4497 1695 4598 d9.].
1748 4497 1882 4590 Quam·-

465 4629 571 4702 quam
595 4612 709 4678 autam
726 4601 861 4676 'invidia
883 4613 917 4676 ct
932 4603 984 4676 ira
1006 4601 1051 4674 ob
1077 4615 1254 4700 acceptam
1277 4603 1450 4702 repulsam
1471 4613 1699 4722 congregatae
1725 4598 1883 4673 factionis
