4428 5306
1079 569 1136 592 “··-
1186 561 1348 609 vm·-

503 738 637 802 tantum
669 722 770 799 nohis
795 717 934 796 errores
950 718 999 823 ι).
1053 718 1360 820 Supervacanemu
1384 731 1489 820 puto,
1527 747 1618 822 qaae
1647 727 1823 826 sequenda
1847 729 1931 809 duxi
1995 701 1997 706 ι

532 828 711 903 rarissima
736 823 955 923 fragmenta,
984 819 1101 896 addito
1126 833 1306 897 auctorum
1332 826 1471 896 nomine
1492 825 1691 926 singulatim
1716 828 1775 902 hic
1797 833 1835 904 in
1859 859 1929 912 me·

408 939 411 948 “
507 859 603 1005 dium
628 925 841 1026 producere3
869 923 961 996 hanc
984 923 1077 997 enim
1099 921 1229 1022 ubique
1254 923 1327 999 leae
1351 925 1437 997 inivi
1461 926 1659 1025 inquirendi
1681 931 1863 1026 rationem,
1890 946 1930 1008 ut

505 1059 584 1108 eum
615 1030 751 1119 locum,
799 1027 836 1097 in
869 1049 940 1124 quo
972 1026 1185 1098 narrationis
1212 1037 1335 1099 auctor
1366 1025 1494 1100 diserte
1527 1026 1711 1123 laudatam,
1764 1044 1929 1132 tauquam

504 1127 851 1304 ttththtttt
876 1151 1157 1326 hattho
1192 1121 1931 1309 iti'icilidifipmffliiil'i

502 1331 573 1405 fide
598 1331 725 1431 dignos
749 1326 927 1403 habendos
954 1327 1178 1402 censuimus?
1228 1329 1280 1402 Ut
1306 1355 1380 1402 rem
1413 1277 1554 1402 mertui
1583 1255 1765 1404 tddetatam
1789 1336 1825 1404 in
1850 1337 1929 1431 ipsa

505 1433 792 1506 commentatione
817 1455 887 1504 uuo
912 1431 957 1518 in
974 1439 1163 1528 conspectu
1187 1453 1379 1528 ponamus,
1405 1428 1493 1502 haee
1519 1431 1659 1529 accipe:
1694 1434 1784 1507 Post
1803 1433 1929 1512 Philo·

502 1535 618 1630 laum,
643 1531 743 1607 cu'us
768 1531 813 1604 de
838 1543 947 1606 aetate
971 1555 1014 1603 ac
1035 1531 1193 1604 doctriua
1218 1529 1459 1604 disserendum
1484 1543 1537 1604 est
1560 1557 1625 1605 suo
1647 1531 1748 1625 loeo,
1778 1535 1929 1634 primum

504 1635 660 1711 ohtiueut
699 1659 803 1708 ocum
827 1627 1034 1706 Aristoteles
1071 1631 1217 1732 e‘usque
1247 1629 1410 1729 discipuli
1435 1627 1667 1706 Aristoxenus
1700 1632 1862 1708 Musicus
1896 1649 1932 1708 et

504 1735 745 1812 Dicaearchus
770 1732 990 1822 Messenius,
1025 1759 1061 1806 m
1100 1744 1135 1806 to
1165 1731 1363 1806 interiorem
1390 1732 1599 1808 Heraclides
1623 1734 1819 1831 Ponticus,
1857 1761 1929 1810 mo·

504 1837 649 1911 liorihns
667 1833 859 1934 subjungas
873 1829 1117 1904 Alexandrum
1132 1830 1308 1930 Polghist.
1336 1843 1371 1904 et
1387 1829 1629 1930 Apollonium.
1684 1833 1786 1928 Quae
1809 1858 1930 1914 receu-
1970 1919 1973 1926 ,

504 1939 604 2011 tiaris
635 1936 754 2008 acutis
788 1934 974 2031 scriptores
1004 1931 1047 2005 de
1068 1930 1283 2033 Pythagora·
1297 1931 1613 2033 Pythagoricisquc
1632 1935 1710 2008 ¹sub
1743 1935 1931 2036 stagiritae

505 2038 645 2113 nomine
662 2035 846 2109 memoriae
870 2033 1107 2125 tradiderunt,
1131 2057 1306 2132 perpauca
1325 2057 1367 2106 ea
1389 2032 1550 2131 quidem,
1580 2034 1642 2108 sed
1664 2036 1929 2136 elegantissima,

507 2123 686 2239 depromta
710 2133 797 2207 mihi
816 2133 978 2208 videntur
1002 2159 1022 2208 e
1043 2132 1268 2208 celeberrimo
1294 2132 1339 2206 de
1357 2133 1590 2236 Pythagoreis
1614 2159 1740 2234 opere,
1764 2137 1865 2236 cnjus
1889 2136 1933 2211 de

506 2241 621 2314 iudice
655 2239 783 2311 mirum
819 2245 988 2335 quantum
1019 2237 1111 2309 inter
1145 2259 1183 2307 sc
1220 2231 1388 2308 dissident
1421 2246 1567 2310 veteres·
1621 2234 1748 2309 Theou
1781 2237 1928 2338 Smgrn.

506 2338 626 2415 laudat
653 2333 880 2426 Aristotelem
914 2340 956 2417 ἐν
990 2341 1048 2443 τῷ
1073 2335 1338 2440 Πυθαγορικῷ
1371 2330 1602 2436 (Mathemat.
1646 2362 1683 2434 p.
1700 2333 1768 2410 50.
1797 2336 1930 2439 Ball),
2004 2359 2010 2364 ·

508 2439 711 2518 Alexander
773 2449 918 2513 revocat
953 2437 999 2511 ad
1032 2434 1227 2512 secuudum
1260 2435 1388 2509 lihrum
1418 2433 1504 2540 περὶ
1541 2442 1610 2530 τῆς
1649 2435 1935 2541 Πυθαγορικῶν

509 2539 613 2645 δόξης
668 2546 705 2615 iu
741 2463 858 2614 Arist.
886 2538 976 2614 Met.
1002 2538 1044 2633 l,
1072 2537 1153 2640 7.),
1189 2539 1366 2638 Diogenes
1398 2536 1518 2612 Luat.
1554 2537 1660 2612 refert
1695 2539 1732 2610 in
1764 2537 1933 2614 librorum

509 2645 664 2718 Aristote
679 2645 812 2714 icarum
829 2663 1012 2711 numerum
1031 2635 1117 2739 περὶ
1137 2644 1213 2718 τῶν
1229 2639 1511 2741 Πυθαγορείων
1535 2635 1564 2720 οἱ
1589 2636 1655 2811 KV,
1671 2633 1757 2733 25„
1829 2663 1935 2714 ocum

512 2741 682 2817 consentit
698 2735 911 2838 Anonymus
929 2761 986 2834 ap.
1003 2736 1149 2834 Menag.
1178 2735 1223 2806 ad
1238 2737 1347 2834 Diog.
1373 2739 1422 2808 L.
1450 2763 1481 2810 s.
1510 2737 1538 2810 f.
1566 2739 1592 2811 li
1616 2736 1682 2838 r.),
1710 2739 1739 2812 d
1820 2741 1934 2816 lichus

258 2821 263 2828 ⁶
389 2853 394 2860 “
512 2843 639 2918 excitat
663 2839 792 2952 scripto
817 2837 903 2942 περὶ
931 2843 1001 2932 τῆς
1026 2833 1302 2939 Πυθαγορικῆς
1327 2836 1555 2964 φιλοσοφίαι
1587 2835 1653 2936 (V.
1681 2839 1729 2908 P.
1769 2839 1806 2937 5.
1831 2837 1932 3010 ³¹'l’

512 2942 685 3020 Stohaens
718 2963 802 3014 exce
845 2941 873 3011 it
900 2963 920 3012 e
943 2939 1058 3036 primo
1089 2933 1273 3041 stagiris
1306 2935 1542 3042 Πυθαγορου
1574 2933 1800 3040 φιλοσοφίας
1834 2935 1932 3041 (Ee.

415 3080 418 3089 ·
511 3045 626 3147 Phgs.
652 3042 685 3116 1.
728 3067 765 3140 p.
873 3036 1061 3142 .11ecr.),
1097 3037 1300 3137 Simplicius
1337 3037 1487 3138 denique
1511 3048 1678 3113 memorat
1707 3038 1937 3138 συναγωγήν

512 3155 590 3244 τῶν
624 3140 904 3247 Πυθαγορείων
938 3133 1175 3246 α’ροσιιὸιτωιι
1206 3139 1267 3240 (al.
1307 3138 1509 3234 συλλογὴν
1544 3145 1622 3221 τῶν
1646 3143 1722 3221 τοῖς
1743 3141 1937 3240 Πυθαγο-

513 3245 616 3371 palca
640 3239 892 3414 cipecac‘vrtcvp
917 3244 955 3314 in
977 3238 1048 3313 Ar.
1075 3242 1119 3316 dc
1144 3241 1254 3318 Coelo
1277 3240 1330 3315 Π.
1365 3268 1405 3414 p.
1429 3239 1498 3316 94.
1524 3236 1576 3315 A.
1600 3235 1666 3313 51.
1691 3239 1740 3313 cl.
1765 3243 1932 3317 Braudis.

512 3377 551 3422 ιιι
580 3347 678 3422 Mus.
712 3343 832 3417 Rhen.
890 3336 986 3414 828.
1035 3365 1072 3438 p.
1086 3338 1188 3425 240.
1236 3351 1309 3413 not.
1339 3339 1362 3413 l
1390 3340 1430 3414 6.
1492 3339 1589 3416 Cave
1620 3367 1665 3414 ue
1689 3340 1754 3416 hos
1782 3342 1936 3419 diversos

514 3449 647 3524 indices
668 3443 805 3519 diversa
829 3442 938 3516 fuisse
960 3465 1068 3539 opera
1089 3439 1361 3536 credas;·notes
1384 3444 1499 3540 potius
1524 3439 1769 3542 negligentiam
1794 3447 1933 3542 partim,

543 3575 717 3626 caunum
740 3571 827 3646 opus
850 3543 995 3618 diversis
1021 3533 1129 3616 titulis
1153 3567 1219 3640 pro
1244 3567 1308 3616 suo
1328 3542 1475 3641 quisque
1498 3541 1641 3616 arbitrio
1661 3543 1859 3644 insignivit,
1882 3557 1937 3642 ,ut

516 3579 690 3729 dtobaeus
715 3691 767 3706 ·-
801 3673 883 3721 nam
923 3646 1036 3745 ipsius
1069 3641 1292 3744 Pythagorae
1336 3643 1530 3717 doctrinam
1563 3667 1687 3741 parum
1724 3656 1936 3743 compertam

517 3750 668 3826 hahebat
693 3749 860 3848 Stagirita
881 3745 919 3848 ²)
955 3789 1008 3804 -
1031 3747 1158 3845 partim
1189 3745 1355 3842 respicias
1391 3745 1505 3817 varios
1543 3743 1711 3816 librorum
1727 3741 1936 3821 'Aristoteli-

519 3877 640 3928 corum
665 3849 854 3950 catalogos,
880 3845 1006 3950 quihus
1033 3844 1279 3946 componendis
1305 3870 1386 3926 cum
1410 3843 1690 3922 Ptolemaeorum
1714 3855 1823 3922 aetate
1848 3872 1935 3923 uon·

563 4181 602 4269 1)
624 4181 726 4249 Multa
756 4161 870 4249 contra
890 4178 1096 4246 Meinersium
1125 4177 1210 4244 bena
1230 4176 1409 4246 observavit
1430 4173 1694 4266 wyttenbachius
1724 4175 1757 4244 iu
1777 4175 1859 4252 Bihl
1881 4177 1936 4244 Cr.

625 4265 726 4334 '1¹.11.
760 4289 806 4355 ps.
820 4267 852 4334 Β.
885 4285 961 4354 pag.
978 4265 1040 4332 109
1060 4285 1150 4352 seqq.
1952 4283 1955 4294 ·

560 4405 603 4492 2)
625 4400 772 4470 Eandem
809 4401 851 4469 ob
883 4417 1018 4470 'causam
1045 4399 1256 4488 improbanda
1290 4413 1341 4470 ost
1368 4397 1468 4467 altera
1500 4395 1594 4466 lectio
1623 4397 1709 4488 apud
1743 4393 1950 4484 Simplicium,

626 4481 818 4576 Πυθαγόρᾳ
855 4478 1072 4590 ἄροσιόνιιιν.
1124 4483 1326 4556 Aristotelem
1362 4507 1437 4554 vero
1472 4483 1637 4572 vulgarent
1665 4477 1814 4570 loquendi
1846 4501 1940 4548 usum
1967 4549 1972 4556 .

628 4584 773 4644 secutum
794 4595 884 4654 esse,
910 4593 1055 4662 pernego
