4428 5306
848 584 938 654 ¹-—
988 541 1142 666 5¹.-

305 743 356 803 tes
388 753 478 827 qnae
511 723 701 801 didicerant
732 728 838 825 inque
861 725 984 800 audin
1008 675 1162 800 honestis
1186 745 1262 801 sese
1286 739 1495 802 exercentes.
1562 725 1624 802 Ab
1660 655 1744 840 bae,x

307 829 537 943 ambulatione
570 828 614 900 ad
637 827 776 902 ¹balnea
814 853 853 902 se
886 826 1110 950 eopferebant
1148 828 1299 948 lotique·
1315 825 1448 948 inibant
1482 831 1641 928 syssitia,
1687 835 1725 902 in

306 930 433 1028 quibus
453 957 524 1003 nou
542 929 659 1028 plures
702 954 783 1021 uam,
806 928 926 1004 decem
949 927 1085 1001 sodales
1106 955 1176 1002 una
1200 955 1376 1001 convivari
1397 929 1579 1002 debebant.
1631 930 1726 1004 Con·

306 1059 327 1130 y
413 1033 629 1103 ticonvivac
673 1023 856 1102 ‘ationen'r
891 1040 926 1102 et
950 1038 1049 1100 saera
1079 1029 1309 1106 odoramentis
1340 1041 1375 1102 et
1398 1029 1499 1104 thure
1538 1029 1724 1126 faciehant,

357 1135 435 1204 'us
460 1133 614 1228 peractis
640 1126 852 1223 coenabant,
901 1129 957 1220 vel
993 1131 1045 1202 sic
1076 1142 1215 1224 mmen,
1256 1140 1296 1203 ut
1329 1142 1411 1204 ante
1445 1132 1528 1206 solis
1564 1155 1727 1204 occasum
1867 1145 1872 1156 ’

262 1305 268 1316 ,
307 1257 413 1305 coena
436 1230 606 1306 liniretur.
660 1229 855 1304 Sumebant
870 1232 1011 1321 vinum,
1044 1257 1196 1324 mazam,
1223 1257 1369 1329 panem,
1396 1234 1609 1330 opsonium,
1629 1244 1729 1306 cocta

307 1333 482 1430 crudaque
499 1332 592 1406 o'lera
607 1329 731 1434 (Diog.
750 1357 807 1430 ap.
822 1331 959 1430 Porph.
980 1331 1018 1431 S.
1032 1329 1135 1433 51).
1172 1327 1426 1431 Apponebatnr
1440 1336 1543 1414 etiarn
1558 1357 1642 1405 caro
1654 1335 1729 1404 ani*-

307 1433 468 1527 rnalium,
495 1459 585 1532 quae
598 1435 663 1506 deo
677 1433 873 1506 sacrificare
887 1433 942 1505 fas
959 1445 1045 1506 erat.
1091 1433 1230 1506 Marino
1247 1436 1390 1532 opsonia
1404 1447 1545 1532 propter
1561 1433 1729 1532 quasdam

162 1617 169 1628 Ι
308 1561 427 1608 eomas
461 1533 506 1606 ad
540 1537 672 1608 vietum
705 1531 799 1604 haud
837 1545 916 1632 apta
951 1527 1042 1608 raro'
1067 1532 1293 1607 comedebant
1334 1531 1447 1632 (idem
1480 1534 1584 1608 tradit
1618 1537 1736 1636 Dioge¹

306 1635 425 1708 La'e‘rt.
447 1636 565 1727 v111‚·
589 1631 651 1705 19.
686 1660 730 1707 ex
757 1629 1009 1735 Aristoxeno),
1053 1638 1181 1733 pariter
1215 1647 1317 1732 atque
1350 1636 1478 1707 animal
1510 1635 1643 1707 homini
1675 1637 1729 1706 in-

306 1739 447 1812 noxium
473 1761 538 1807 nec
563 1733 721 1828 laedere,
748 1759 815 1807 nec
836 1735 1052 1827 interlicere,
1080 1747 1120 1808 ut
1141 1747 1363 1835 praeceperat
1374 1733 1619 1834 Pythagoras,
1647 1760 1727 1824 cen-

306 1833 439 1922 sebant.
470 1837 573 1910 ¹Post
587 1860 730 1908 coenam
743 1832 873 1909 [iebant
889 1836 1090 1929 libationes,
1115 1850 1189 1910 tum
1204 1837 1381 1910 lectiones.
1425 1837 1558 1911 Verum
1578 1839 1615 1906 in
1634 1861 1729 1908 more

305 1940 457 2034 positum
476 1947 569 2028 erat,
605 1947 644 2008 ut
656 1934 777 2034 jarnior
799 1937 949 2036 legeret,
986 1941 1101 2012 sertim
1119 1964 1202 2012 vero
1220 1941 1452 2037 praeciperet,
1480 1937 1566 2034 quid
1587 1947 1622 2010 et
1643 1962 1730 2034 quo·

306 2037 409 2110 modo
427 2036 623 2134 legendum.
675 2038 892 2110 Discessuris
909 2038 1114 2112 infundebat
1127 2038 1352 2111 libamentum
1366 2039 1571 2137 pocillator,
1599 2040 1729 2110 senior·

307 2163 374 2234 que
388 2149 573 2234 praecepta
588 2135 692 2209 dabat
707 2136 878 2210 sodalitia.
918 2137 1094 2214 Omnibus
1111 2139 1165 2212 his
1184 2139 1395 2232 sollemniter
1408 2140 1571 2238 perfectis
1588 2137 1730 2211 domum

285 2244 403 2310 *suam
422 2239 569 2335 quisque
582 2237 666 2310 ibat.
722 2238 886 2314 Ceterum
911 2239 1096 2338 utebantur
1117 2241 1276 2334 candidis
1298 2242 1400 2313 lineis
1418 2241 1597 2331 vestibus,
1635 2239 1732 2312 addit
1755 2241 1758 2248 “

307 2335 565 2431 Aristotelicas,
587 2339 743 2412 similiter
758 2339 1022 2414 substernebant
1041 2341 1195 2438 stragula
1211 2341 1314 2431 linea,
1335 2341 1435 2412 lanea
1451 2367 1534 2413 vero
1549 2340 1732 2414 interdieta

306 2451 457 2514 crantut
473 2437 650 2510 immrmda
675 2437 826 2538 (dambl.
855 2440 893 2536 5.
911 2438 1004 2510 119.
1032 2466 1076 2510 ex
1093 2439 1255 2510 Ariston.
1284 2439 1373 2510 adde
1390 2439 1535 2536 Menag.
1560 2440 1607 2510 ad
1619 2440 1727 2537 Diog.
1869 2493 1873 2512 .

306 2540 425 2612 Latet.
442 2539 549 2629 wll,
575 2533 659 2636 19.)
685 2536 746 2636 ῑ).,
788 2537 833 2606 ln
851 2536 918 2608 hae
934 2537 1191 2638 Pythagoricae
1213 2540 1303 2611 vitae
1319 2537 1463 2610 diurnae
1479 2539 1726 2636 descriptione,

222 2665 228 2668 ·
307 2661 516 2734 quamquam
548 2635 703 2708 nondum
735 2635 912 2730 absoluta,
952 2638 1134 2737 diligenter
1169 2642 1279 2711 secuti
1311 2665 1431 2710 snmus
1462 2635 1729 2728 Aristoxenum,

147 2817 160 2838 ·
306 2739 430 2834 partim
457 2739 538 2834 quia
570 2739 906 2835 nemoseriptornm
932 2751 1065 2811 centurn
1094 2739 1192 2811 illum
1218 2727 1598 2812 studiorum'ordinem
1627 2763 1730 2812 aecu-

306 2839 413 2912 ratius
440 2839 675 2934 consignavit,
711 2839 837 2934 partim
864 2865 970 2928 vero,
1007 2851 1041 2912 et
1070 2840 1166 2936 quod
1194 2841 1404 2930 maximum,
1441 2841 1523 2936 quia
1551 2838 1625 2938 ejus
1651 2863 1758 2914 narr

284 2945 378 3028 'rata
409 2935 453 3015 ab
488 2937 563 3006 aliis
597 2939 800 3034 compilata,
850 2939 913 3018 sed
946 2939 1005 3012 bie
1036 2939 1109 3038 illic
1144 2942 1290 3037 turpiter·
1318 2941 1487 3032 confusa,
1534 2942 1732 3012 certissimis

307 3035 563 3110 annumeranda
596 3051 690 3110 sunt.
764 3039 823 3112 Ex
862 3039 928 3114 hae
964 3036 1168 3116 Aristoxeni
1206 3044 1401 3114 narratione
1439 3042 1603 3114 consortii
1643 3043 1731 3112 ratio

308 3138 499 3213 luculenter
519 3147 625 3235 patet.
680 3139 761 3212 Non
782 3166 919 3214 morosa
940 3166 1005 3214 nec
1030 3141 1141 3241 rigida
1166 3153 1240 3214 erat
1261 3141 1431 3214 sodalimn
1455 3144 1546 3231 vita,
1579 3143 1613 3212 in
1636 3141 1732 3238 quod
1768 3222 1775 3237 .

307 3240 409 3310 nimis
441 3265 543 3336 saepe
575 3237 720 3312 inclinat
749 3242 932 3320 seriorum·
952 3244 1140 3334 sententia,
1179 3235 1241 3314 sed
1273 3243 1430 3338 quamvis
1460 3245 1563 3314 certis
1595 3241 1751 3340 legibus,

310 3339 490 3432 adstricta,
518 3337 750 3436 jucunditatis
775 3351 892 3438 tamen
918 3353 953 3418 et
976 3339 1216 3420 familiaritatis
1241 3343 1454 3442 plenissima.
1509 3343 1637 3416 Nescio
1659 3352 1730 3438 quo

310 3439 441 3512 infelici
461 3465 546 3512 casu
567 3439 696 3514 lactum
717 3443 782 3535 sit,
811 3453 850 3516 ut
868 3442 1110 3518 inveteraverit
1129 3443 1267 3542 opinio,
1294 3442 1519 3543 Pythagorae
1541 3443 1730 3541 discipulos

354 3819 392 3910 l)
416 3820 533 3890 Refert
551 3821 691 3892 iacemus
710 3824 848 3914 scriptor
866 3843 916 3910 ap.
937 3810 1282 3908 Dtog.·nae·t.v111‚
1305 3819 1369 3886 19.
1383 3818 1475 3885 lanea
1497 3821 1579 3888 stole
1601 3835 1634 3891 et
1650 3837 1732 3892 stra-

202 3915 211 3932 ·
414 3906 499 3994 gulis
519 3927 612 3975 usum
641 3933 712 3978 esse
735 3908 956 4000 Pythagoram
985 3903 1098 4009 (quod
1127 3903 1221 3996 etiam
1248 3927 1359 3972 omnes
1390 3905 1527 3973 seriores
1559 3909 1731 3996 scriptores

416 3989 656 4080 contendunt);
689 3994 804 4084 quibus
826 3994 929 4060 verbis
953 3991 1042 4059 addet
1062 3989 1105 4055 de
1125 4012 1183 4056 suo
1198 3989 1261 4056 Dio
1288 4011 1364 4058 enos
1387 3990 1476 4078 (non
1499 3993 1732 4072 extrinsecae,

417 4089 453 4154 et
463 4077 649 4146 Lobeehius
672 4081 702 4146 in
716 4079 872 4168 Aglaopb.
888 4077 982 4144 'forn
995 4077 1021 4143 I.
1042 4099 1072 4164 p.
1088 4075 1162 4141 att.
1186 4011 1298 4160 atriti,
1324 4075 1476 4142 linearum
1491 4077 1624 4143 vestium
1639 4100 1732 4146 navem

418 4159 553 4226 necdum
576 4164 618 4230 ad
644 4165 695 4230 illa
723 4164 793 4232 loca
821 4176 1014 4252 penetrasse.
1058 4159 1156 4236 Quod
1177 4183 1240 4226 non
1270 4159 1411 4228 credam.
1464 4161 1529 4226 Diu
1552 4164 1635 4229 enim
1658 4179 1734 4234 ante

416 4241 637 4332 Pythagoram
653 4250 805 4316 lineorum
828 4249 958 4316 restitus
981 4249 1012 4312 in
1033 4267 1154 4324 morem
1176 4258 1326 4335 receptus
1350 4257 1427 4312 erat
1463 4247 1616 4314 Veterum
1633 4251 1733 4340 Spar-

291 4379 300 4398 .
418 4337 562 4395 tenorum
587 4345 688 4402 vestes
712 4345 803 4402 erant
823 4334 945 4401 linteae.
990 4333 1095 4398 'Phua
1111 4333 1143 4408 l,
1164 4333 1195 4397 6.
1218 4332 1259 4397 cf.
1273 4329 1474 4398 Wernsdorf.
1497 4329 1538 4395 ad
1554 4333 1732 4402 llimerium

414 4413 474 4492 xl,
499 4416 571 4482 572.
598 4431 631 4488 et
653 4421 902 4506 Spartanorum,
923 4441 986 4484 non
1003 4417 1232 4506 Aegyptiorum
1263 4437 1352 4482 more
1373 4415 1478 4483 vestiti
1499 4428 1590 4485 crant
1610 4419 1731 4510 Pytha-

190 4603 194 4610 .
305 4543 316 4560 .
413 4519 529 4584 goras,
556 4501 767 4593 Pythagorici
796 4518 829 4573 et
858 4506 927 4594 ipsa
949 4505 1095 4572 Theano.
1126 4501 1167 4568 cf.
1190 4496 1306 4569 Odotr.
1329 4499 1570 4570 Muellerrllor.
1590 4503 1639 4582 ΙΙ,
1668 4505 1733 4572 263

383 4661 384 4668 ¹
415 4588 453 4649 et
468 4583 521 4651 61.
