4438 5292
1038 559 1214 688 .-8
1282 568 1328 620 '¹'

491 775 573 922 mnf}
598 757 715 922 perum
747 747 979 846 cognitionem
1010 745 1216 848 collegerat,
1256 769 1332 820 cam
1356 749 1393 821 in
1424 749 1554 846 patriae
1584 749 1729 824 satutem
1756 753 1913 828 conferre
1967 779 1975 786 ·

493 863 549 924 stu
574 877 635 922 ur.

489 977 493 984 ·
605 943 679 1025 sed
708 947 803 1020 haud
834 947 984 1046 tongum,
1001 957 1136 1045 tempus
1162 945 1212 1020 ibi
1238 958 1468 1026 commoratus
1496 961 1562 1022 cst.
1623 951 1794 1026 Referunt
1826 981 1913 1028 trun·
2043 981 2048 992 ·

492 1051 600 1142 nulli,
639 1073 719 1124 eum
747 1059 887 1146 pmpter
921 1048 1108 1134 declinatas
1141 1049 1352 1132 πολιτικιὶς
1374 1047 1587 1148 ἀσχολίας,
1632 1065 1692 1127 aut
1716 1053 1913 1131 διιιὶοιιιιιι
1989 1105 2000 1116 -

492 1165 566 1229 turn
589 1149 753 1247 temporis
778 1150 946 1222 in-literis
969 1148 1164 1224 socordiam
1189 1149 1337 1224 insulam
1359 1151 1557 1248 reliquisse,
1597 1150 1662 1252 (cf.
1685 1148 1913 1250 Apollonium

349 1329 354 1336 ,
494 1254 702 1352 scriptoram
738 1252 883 1323 narratis
918 1251 1038 1322 nixum
1069 1273 1127 1350 ap.
1155 1249 1349 1324 dambiieh.
1374 1249 1484 1354 28.);
1529 1251 1586 1326 alii
1618 1265 1758 1344 contra,
1805 1281 1913 1352 quum

493 1351 690 1450 Polycratis
715 1349 933 1450 tyrannidem
953 1349 1243 1430 vehementiorem
1265 1351 1427 1444 vidisset,
1471 1379 1576 1450 quam
1600 1365 1640 1427 ut
1659 1353 1790 1426 homini
1815 1359 1912 1454 jugo.
2047 1395 2050 1400 .

491 1477 562 1530 uuo
587 1453 663 1550 ejus
681 1452 947 1525 dominationem
963 1451 1110 1546 tolerare
1125 1451 1257 1544 liceret,
1286 1451 1479 1528 discessum
1496 1479 1638 1550 parasse
1657 1452 1705 1557 ²).
1748 1451 1910 1530 Aristox.

491 1555 624 1653 ap.Po
667 1553 745 1652 hyr.
778 1549 876 1652 §.a
916 1551 1046 1628 Strabo
1070 1552 1179 1630 xlv.
1211 1550 1366 1650 ptati.
1420 1551 1528 1628 ovid.
1554 1555 1699 1628 Metam.
1729 1557 1817 1648 XV,
1840 1554 1909 1650 66.

491 1657 636 1730 Pictore
666 1706 674 1726 .
715 1653 844 1727 Placit.
879 1653 977 1727 Phil.
1006 1654 1040 1746 1,
1076 1651 1118 1727 5.
1189 1655 1260 1728 Dio
1294 1653 1477 1754 Chryscst.
1524 1655 1625 1732 Orat.
1662 1657 1910 1734 xxxxvlt.

490 1784 528 1855 p.
545 1753 642 1830 524.
678 1753 774 1830 Mor.
799 1753 939 1851 captu.
966 1753 1104 1846 Philos.
1121 1751 1163 1826 2.
1200 1755 1315 1830 Soliu.
1343 1755 1474 1854 Polyb.
1499 1752 1563 1830 17.
1606 1756 1778 1831 Thcusist.
1807 1757 1909 1832 Orat.

409 1949 423 1959 ⁸
491 1858 559 1931 lv.
587 1883 625 1953 p.
645 1852 739 1928 102.
766 1853 848 1926 edit.
872 1855 953 1926 Pet.
981 1854 1099 1927 Treta.
1128 1854 1224 1946 Chii.
1253 1857 1333 1947 xl,
1361 1854 1418 1927 80
1439 1881 1538 1953 seqq.
1601 1856 1724 1932 Sciret.
1752 1858 1909 1932 adPlat.
1958 1913 1962 1920 ‚

490 1959 618 2056 Rcmp.
637 1956 691 2028 X.
719 1983 756 2052 p.
771 1951 867 2026 126.
887 1954 998 2027 Rem.
1039 1949 1180 2028 Horum
1206 1957 1413 2052 scriptorum
1438 1960 1668 2032 sanctourm
1692 1957 1913 2034 hauddubie

491 2057 614 2134 ceteris
640 2055 914 2153 anteponendam
939 2079 1013 2130 esse
1033 2053 1136 2130 docet
1160 2055 1293 2130 insulae
1317 2055 1418 2130 Sami
1439 2066 1561 2132 status.
1607 2059 1795 2133 Interfecto
1820 2064 1912 2134 enim

489 2157 611 2232 ultimo
636 2157 834 2232 Samiorum
858 2179 960 2254 rege,
998 2154 1163 2256 abrogato
1287 2153 1582 2238 aGeomcrorum
1606 2160 1823 2256 principatu,
1859 2163 1912 2234 iu·

452 2267 455 2272 ’
488 2261 608 2333 stituta
631 2257 861 2351 democratia,
902 2256 1132 2357 Polycrates,
1210 2259 1304 2330 cacis
1326 2255 1440 2350 iilius,
1479 2258 1638 2354 populari
1663 2284 1747 2330 aura
1773 2261 1912 2360 adjutam

489 2358 700 2460 perfecerat,
741 2369 781 2432 nt
806 2357 915 2436 stacta
940 2357 1138 2432 Samiorum
1163 2355 1320 2434 libertate
1344 2356 1561 2457 tyrannidem
1584 2360 1786 2456 susciperet.
1816 2361 1910 2432 aa·

489 2462 553 2536 teri
570 2458 748 2552 ddemu,
775 2458 922 2532 insulam
937 2457 1083 2534 Samum
1100 2457 1167 2532 sub
1186 2461 1323 2556 tyranni
1340 2459 1484 2556 imperio
1500 2458 1557 2530 vel
1573 2461 1721 2532 maxime
1736 2459 1907 2534 floruisse.

488 2563 583 2637 Usus
606 2572 659 2635 est
682 2563 774 2636 euim
800 2559 1005 2657 Polycrates
1030 2585 1195 2656 prospera
1221 2559 1359 2633 tortum
1381 2561 1418 2630 in
1443 2557 1564 2652 bellis,
1606 2559 1715 2634 multa
1748 2560 1911 2634 felicitate

489 2666 527 2736 ³¹²
550 2658 1571 2856 matttdzartmnddtrta
1586 2659 1907 2834 ffiffl’

535 2871 571 2953 t,
611 2857 706 2958 quod
730 2854 797 2931 sub
822 2868 1001 2955 praetextu
1028 2855 1218 2955 servandae
1245 2855 1400 2956 piebejae
1425 2861 1600 2956 potestatis
1626 2863 1719 2932 dves
1743 2861 1911 2934 violenter

488 2957 659 3038 nasama
684 2941 807 3061 (Diod.
830 2959 872 3060 1,
904 2953 974 3030 95.
1016 2957 1115 3034 Plut.
1146 2956 1190 3032 de
1220 2955 1381 3057 Superst.
1413 2985 1450 3058 p.
1475 2954 1570 3031 166.
1596 2955 1685 3057 6.),
1721 2985 1811 3057 quae
1835 2961 1910 3034 rio·

490 3065 594 3139 lautia
619 3063 808 3160 sapientem
831 3070 866 3132 et
888 3057 1023 3158 justum
1048 3054 1198 3132 Amain
1219 3083 1263 3134 eo
1287 3059 1430 3158 adegit‚·
1464 3069 1502 3131 ut
1523 3058 1705 3130 amicitiam
1733 3071 1768 3134 et
1792 3059 1909 3158 hospi·
1985 3065 1991 3072 '

489 3167 576 3240 tium
610 3165 677 3260 ipsi
709 3163 927 3236 renunciaret
959 3159 1091 3261 (Diod.
1119 3160 1145 3232 1.
1171 3155 1197 3232 l.
1235 3185 1339 3260 quem
1369 3157 1550 3254 Herodoto
1570 3159 1651 3248 111,
1677 3156 1746 3234 10.
1784 3161 1907 3263 [atax.

490 3265 582 3362 Tyr.
610 3265 707 3336 Diss-
727 3261 776 3335 V.
810 3285 844 3332 c.
869 3257 928 3358 6.]
962 3259 1192 3360 praeferam).
1244 3259 1419 3358 Equidem
1450 3285 1521 3332 uou
1554 3258 1673 3334 dubito
1698 3287 1909 3352 asseverare,

456 3373 465 3386 '
492 3363 587 3438 huuc
612 3361 745 3436 iusuine
768 3366 894 3432 statum
919 3370 1135 3456 perpetuum·
1152 3361 1269 3438 odium
1296 3364 1333 3432 in
1359 3373 1525 3458 tyrannos
1548 3360 1771 3460 Pythagorae
1799 3361 1909 3436 instit·

489 3465 593 3557 lasse,
622 3487 728 3562 porro
748 3458 993 3562 philosophum
1007 3457 1259 3558 Spartanorum
1284 3458 1417 3557 lepilms
1431 3458 1573 3532 meliora
1590 3459 1771 3556 edoctum,
1794 3487 1911 3557 quum

293 3625 310 3644 .
398 3649 400 3654 ,
491 3567 637 3644 Samum
657 3587 817 3638 reversus
841 3571 951 3654 esset,
994 3559 1140 3634 consilia
1164 3557 1209 3632 ad
1235 3559 1380 3631 civitatis
1404 3560 1626 3632 mutationem
1650 3573 1771 3634 exacta
1794 3571 1831 3632 et
1854 3569 1910 3656 ty·

486 3665 627 3744 rauuidi
650 3665 869 3748 infestissima
888 3664 1003 3736 auimo
1029 3661 1248 3758 concepisse,
1283 3669 1319 3732 et
1338 3657 1510 3759 juvenum
1542 3671 1642 3734 coctu
1675 3658 1721 3732 ad
1748 3661 1924 3754 effectum-

491 3761 663 3838 adducere
694 3764 844 3844 voluisse
865 3761 917 3863 ²).
970 3759 1136 3836 Attamen
1165 3771 1301 3858 tempus
1324 3759 1520 3833 nuliatenus
1547 3757 1807 3833 obsecundabat
1829 3784 1910 3856 pru·

491 3868 634 3966 positis,
669 3863 867 3963 Polycratis
889 3865 1046 3962 tyrannis
1076 3859 1239 3962 vigebat,
1279 3859 1428 3962 populus
1454 3871 1733 3964 contentusero
1756 3856 1831 3958 ejus
1855 3855 1936 3934 ιιι-ἕ

536 4139 575 4228 l)
596 4141 690 4204 Haec
708 4133 885 4202 Aristoxeni
906 4132 1002 4198 rerba
1023 4152 1043 4197 a
1063 4130 1246 4222 Porphyris
1269 4107 1376 4200 addita
1398 4131 1576 4230 suspicatur
1593 4123 1725 4230 Benticj.
1744 4125 1789 4228 de
1805 4072 1912 4197 aetate

598 4223 824 4310 Pythagorae,
854 4241 884 4306 p.
907 4217 958 4282 34.
985 4215 1107 4298 Lenn.;
1146 4217 1311 4300 immerito.
1362 4216 1471 4285 Ceteri
1493 4237 1576 4278 ennn
1599 4209 1713 4278 teudntr
1729 4223 1910 4301 scriptores,

599 4305 782 4373 nominatim
807 4302 925 4368 Strabo
944 4302 964 4368 Ι.
984 4301 1002 4366 Ι.
1025 4299 1161 4368 eandem
1183 4301 1341 4386 discessus
1363 4300 1517 4366 rationem
1539 4307 1694 4386 repetunt.

452 4433 458 4443 ’
537 4417 578 4505 2)
597 4415 714 4482 Refert
733 4413 874 4502 Apellen.
895 4435 945 4502 ap.
968 4410 1134 4480 Jambiich.
1151 4413 1203 4478 28.
1243 4409 1369 4510 Samios
1388 4409 1431 4512 ad
1448 4433 1559 4478 omnes
1581 4409 1756 4498 legationes
1779 4409 1912 4476 traxisse

600 4499 841 4656 pfflgpzopihvrpp,
870 4519 994 4586 exque
1016 4507 1111 4620 certe
1124 4495 1159 4563 id
1181 4495 1363 4574 conficitur,
1403 4517 1435 4562 ιιι
1456 4519 1579 4565 summo
1599 4497 1721 4564 honore
1750 4515 1823 4560 eum
1855 4493 1911 4559 tra-
