4428 5306
873 527 1132 602 ..25-

286 714 544 816 ἑχεμυθεῖγ);
568 714 735 812 majorem
756 715 847 789 enim
872 715 910 786 in
930 713 1078 786 tacendo
1103 737 1208 811 quarn
1231 713 1267 784 in
1292 713 1466 812 loquendo
1490 711 1628 790 locabat
1647 741 1708 790 cn·

287 847 373 909 ram,
409 819 494 890 dicit
508 815 666 890 Ariston.
695 841 753 914 ap.
775 813 970 888 Jamlrlicb.
988 811 1105 914 391.
1135 815 1183 884 ci'.
1209 809 1352 914 3188.
1373 815 1704 912 Tremelium,

286 918 378 994 155.
408 917 476 991 55.
496 930 530 991 et
543 921 692 1016 saepius.
733 919 848 990 Porro
864 918 954 990 inter
974 916 1041 988 hoc
1058 915 1190 988 silentii⁴
1203 928 1340 1014 tempus
1363 915 1602 992 considerabat
1623 921 1707 1014 ado„

284 1021 449 1094 lesccntis
465 1030 644 1111 nanuum,
669 1029 785 1090 utrum
802 1020 917 1110 animo
932 1029 1023 1090 essct
1040 1015 1155 1110 facili,
1185 1019 1375 1109 concinno,
1404 1021 1558 1091 omniurn
1575 1021 1707 1118 cupidi·

285 1133 395 1194 tatum
414 1123 568 1218 experti,
597 1121 642 1191 ad
666 1121 850 1192 amicitiam
871 1117 1074 1192 servandam
1100 1143 1293 1217 propenso,
1323 1144 1368 1190 an
1388 1119 1433 1191 ad
1457 1123 1707 1195 contentionem

130 1283 135 1286 .
285 1221 432 1321 proclivi
457 1235 491 1294 et
515 1220 709 1295 ambitioso.
765 1221 927 1318 Denique
960 1219 1015 1291 bis
1045 1216 1219 1318 probatis,
1260 1219 1467 1318 inspiciebat
1501 1221 1708 1302 docilitatem

286 1336 321 1398 et
351 1325 571 1416 memoriam,
619 1325 793 1421 primum,
840 1347 885 1392 an
919 1320 1075 1394 celeriter
1114 1331 1149 1394 et
1185 1320 1277 1392 clare
1309 1321 1402 1394 dieta
1439 1322 1738 1422 comprcbcndev

181 1485 184 1488 .
286 1436 359 1516 rei,
398 1437 472 1499 tum
503 1451 574 1522 quo
600 1424 713 1507 studio
739 1435 773 1496 et
798 1449 867 1520 qua
892 1422 1116 1520 temperantia
1142 1447 1231 1518 quae
1255 1422 1379 1493 tradita
1401 1435 1499 1496 erant
1521 1425 1708 1521 amplecte·

285 1536 392 1598 rena.
447 1522 605 1600 Ariston.
634 1525 659 1596 l.
690 1525 714 1598 l.
766 1525 867 1596 Haec
900 1535 974 1596 erat
999 1521 1246 1620 discipulorum
1272 1521 1451 1619 probatio,
1501 1529 1558 1597 cui
1589 1528 1620 1597 si
1654 1553 1708 1599 sa·

285 1626 492 1698 tisiecissent
528 1629 670 1718 novitii,
718 1628 833 1713 statim
866 1627 903 1697 in
934 1625 1132 1698 societatem
1163 1649 1222 1696 eos
1252 1623 1403 1696 adscribi
1431 1623 1600 1722 jubebat,
1655 1631 1707 1700 sin

285 1727 419 1818 minus,
469 1737 508 1800 ut
539 1731 674 1823 ineptos
704 1739 737 1799 ct
768 1725 902 1798 steriles
932 1725 1058 1824 procul
1093 1723 1245 1798 arcebat.
1312 1725 1511 1823 Hucusque
1545 1723 1704 1800 Aristox.

285 1851 342 1924 ap.
369 1827 504 1900 dambi.
530 1827 567 1928 3.
587 1826 655 1900 91.
674 1825 742 1898 95.
789 1825 1045 1918 Quaerentibus
1067 1825 1189 1918 nobis,
1217 1830 1421 1924 quotannis
1446 1825 1585 1899 delinita
1602 1827 1708 1903 suerit

284 1925 372 2000 baec
397 1927 576 2025 probatio,
622 1927 718 1999 haud
738 1924 963 2024 rejiciendum
989 1927 1103 1998 visum
1128 1939 1181 2000 est
1205 1927 1316 1998 Tauri
1344 1930 1596 2023 testimonium,
1638 1955 1709 2028 quo
1801 1955 1804 1964 ’

276 2053 356 2100 non
381 2053 501 2102 omncs
525 2030 638 2120 idem,
677 2029 739 2100 sed
759 2027 818 2099 alii
844 2027 938 2100 aliud
961 2039 1120 2126 tempus,
1163 2051 1229 2126 pro
1254 2030 1431 2101 aestimato
1465 2041 1567 2128 captu
1601 2030 1707 2104 soler·

284 2130 372 2220 tiae,
404 2155 476 2203 non
500 2133 615 2203 minus
642 2140 756 2202 tamen
782 2154 887 2226 quam
909 2126 1087 2201 biennium
1112 2131 1294 2202 tacuerint.
1331 2156 1389 2228 ap.
1415 2129 1509 2202 Geli.
1529 2131 1568 2224 i,
1596 2131 1646 2225 9,
1681 2129 1708 2204 5

281 2241 316 2302 ct
340 2227 381 2301 ll.
436 2231 570 2304 Verum
591 2232 682 2304 enim
708 2256 791 2303 uero
818 2257 939 2304 omnes
963 2229 1088 2327 reliqui
1116 2231 1322 2328 scriptores,
1358 2232 1420 2304 sed
1439 2232 1577 2306 infimae
1608 2244 1708 2306 notae

283 2329 395 2432 (quos
432 2357 496 2405 sno
530 2331 633 2406 modo
677 2335 881 2405 convocavit
922 2328 1124 2404 Scheiierus
1161 2329 1205 2403 de
1245 2344 1317 2402 nat.
1355 2343 1389 2403 et
1431 2335 1570 2406 constit.
1606 2333 1704 2406 Plril.

280 2431 362 2502 Ital.
386 2457 464 2531 cap.
486 2430 593 2602 Rq,
631 2433 740 2505 multo
761 2433 863 2502 ubam
888 2429 1058 2524 probandi
1078 2431 1246 2499 rationem
1271 2433 1456 2502 memoriae
1482 2435 1708 2532 consignave-

281 2543 386 2625 runt,
428 2560 533 2631 quam
582 2535 615 2602 ic
640 2533 811 2627 respicere
837 2526 1044 2625 quibusdam
1070 2527 1252 2600 decausis
1285 2529 1578 2602 consultissimum
1606 2545 1703 2630 puto.

269 2633 436 2705 diamant
458 2631 697 2730 Pythagoram
729 2631 878 2710 uicnnio
910 2626 1162 2701 adolescentem
1187 2628 1403 2726 exploratum
1433 2634 1605 2703 contemni
1629 2633 1706 2731 jus·

281 2733 389 2822 sisse,
434 2745 474 2804 nt
500 2732 728 2806 constantiam
752 2728 826 2827 ejus
849 2732 1092 2826 sincerumque
1125 2725 1281 2800 ffisccndi
1313 2731 1466 2802 stadium
1496 2731 1708 2833 honorisque

271 2831 483 2928 despectum
509 2833 743 2930 experiretur,
777 2829 967 2928 posthaec
993 2829 1132 2900 tandem
1157 2830 1414 2928 quinquennale
1442 2830 1616 2906 silentium
1640 2837 1708 2933 ipsi

281 2931 467 3026 indixisse,
505 2944 539 3005 et
564 2931 659 3029 quod
683 2933 893 3023 maximum,
934 2957 997 3028 per
1029 2941 1139 3002 totum
1172 2929 1240 3002 boc
1273 2943 1410 3028 tempus
1433 2931 1594 3008 ,obducto
1630 2937 1708 3010 velo

283 3031 327 3106 ab
353 3031 522 3130 adspectu
542 3057 622 3104 eum
648 3034 812 3106 arcuisse.
866 3031 984 3124 Quam
1010 3030 1187 3102 dissimilis
1210 3029 1297 3105 baec
1315 3033 1495 3122 narratioi
1515 3061 1584 3133 qna
1598 3062 1706 3134 quum
1766 3075 1770 3081 ·

282 3133 371 3206 nibil
395 3134 489 3232 apud
503 3133 658 3206 'serimes
678 3133 864 3230 scriptores
887 3133 1081 3230 vulgatius,
1125 3129 1213 3202 nibil
1234 3133 1280 3204 ad
1304 3135 1481 3208 veritatem
1514 3136 1626 3208 levius
1652 3163 1707 3210 re·

283 3237 456 3333 periatur,
496 3235 553 3307 vel
581 3233 699 3308 nostra
730 3245 839 3306 aetate
872 3233 930 3303 hic
959 3233 1031 3305 illie
1064 3243 1254 3331 propagata
1288 3245 1354 3307 est.
1416 3235 1489 3310 Sed
1521 3237 1705 3334 quidest,

285 3361 348 3408 cnr
379 3335 475 3408 illam
512 3334 769 3432 improbemus?
820 3333 1008 3406 Conralnit
1039 3334 1156 3429 opinio
1187 3337 1387 3418 recentioris
1412 3338 1623 3436 antiquitatis
1647 3367 1706 3414 su·

284 3439 481 3535 perstitiose
522 3435 679 3527 firmata,
729 3434 952 3534 Pythagorae
986 3436 1164 3526 instituta,
1208 3449 1351 3534 propter
1386 3441 1505 3510 arcani
1540 3444 1703 3538 speciem,

284 3563 354 3610 non
383 3536 496 3612 solum
528 3539 698 3636 mysteriis
730 3536 924 3628 simillima,
971 3534 1034 3608 sed
1064 3538 1140 3632 ipsa
1173 3539 1321 3634 mystica
1348 3549 1383 3610 et
1415 3565 1541 3609 arcana
1580 3540 1702 3632 fnisse,

284 3638 379 3736 quod
404 3650 652 3724 commentum,
668 3664 709 3710 eo
742 3663 853 3734 newa
884 3639 1011 3728 crevit,
1052 3648 1092 3707 ut
1118 3659 1207 3731 quae
1239 3638 1276 3706 in
1312 3640 1482 3736 mysteriis
1514 3637 1704 3737 depreben-

285 3738 434 3831 duntur,
477 3765 518 3812 ea
539 3742 655 3812 omnia
682 3743 719 3812 in
741 3738 1017 3838 Pythagoricum
1044 3735 1240 3808 sodalitium
1271 3739 1436 3811 translata
1465 3741 1546 3810 sint.
1613 3741 1707 3817 Nota

285 3851 382 3913 crant
416 3842 645 3914 britiationum
679 3865 807 3940 genera
845 3842 881 3911 in
916 3839 1102 3938 mysteriis
1129 3839 1274 3930 usitata,
1328 3839 1570 3939 pervulgatum
1602 3867 1706 3941 porro

285 3961 422 4012 sacrum
447 3941 703 4040 quinquennale
728 3939 902 4012 silentium
925 3935 1113 4039 (uvorrml
1132 3935 1290 4041 uiuaci),
1319 3966 1390 4039 quo
1416 3941 1571 4041 linguam
1597 3947 1706 4015 eonti-

285 4053 425 4135 ncrent,
462 4055 496 4116 et
526 4056 688 4142 percepta
713 4044 919 4141 cognitaque
944 4040 1035 4113 intra
1062 4042 1307 4114 conscientiam
1325 4046 1511 4117 retinerent
1533 4041 1702 4118 homines.

284 4141 388 4214 Haec
416 4145 656 4242 mysteriorum
677 4167 776 4216 sacra
798 4168 907 4240 quum
932 4141 1106 4241 quandam
1131 4141 1389 4218 similitudinem
1410 4169 1492 4243 prae
1517 4169 1555 4218 se
1578 4143 1708 4219 lcrrent

285 4267 365 4314 cunr
391 4243 613 4344 P'y'thagorae
637 4245 860 4343 probatione,
895 4244 1091 4342 turpissime
1116 4245 1152 4314 in
1182 4246 1296 4341 ipsum
1320 4245 1558 4344 Pythagoram
1594 4258 1706 4318 bans·

285 4368 385 4418 versa
408 4371 483 4418 esse
506 4347 760 4420 evidentissime
784 4345 1119 4444 proditrlliogcnes,
1162 4355 1202 4416 ut
1225 4345 1380 4439 videtur,
1423 4371 1481 4444 ap.
1509 4346 1705 4438 damblich,

284 4443 320 4546 3.
346 4443 413 4518 72.
468 4446 567 4520 idem
600 4448 691 4520 valet
716 4447 760 4520 de
786 4448 932 4521 sindone
953 4446 1014 4519 iilo
1040 4445 1202 4519 obducto.
1264 4447 1319 4520 Ne
1341 4471 1411 4545 qua
1431 4447 1587 4545 profanis
1612 4461 1706 4546 pate·

225 4657 238 4667 .
284 4560 359 4621 rent
396 4551 637 4648 mysteriorum
673 4557 909 4647 optatianus„
936 4547 1021 4622 velis
1060 4543 1456 4654 (παραπετάσματα)
1496 4549 1706 4622 circumdata

1272 4671 1300 4748 4
1378 4667 1385 4682 .
