4428 5306
1092 605 1349 684 ..804

511 789 713 896 Quotve&
751 789 979 892 Pythagorici
1014 787 1207 895 η’ὄμόνοια
1237 799 1314 878 reis·
1337 792 1616 904 πραγμάτων,
1664 802 1724 884 ἔτι
1762 796 1831 884 xci
1859 797 1936 910 cipe

512 893 723 998 occuparia
746 901 814 975 τοῦ
838 890 1002 998 aduror}
1030 895 1099 978 nul
1126 895 1202 1002 reip
1233 893 1334 988 αὕτη
1366 905 1406 980 s'r
1432 897 1559 1004 κόσμῳ
1586 901 1660 992 μὲν
1687 899 1863 1005 ἁρμονία,
1894 911 1936 986 ἑν

510 993 625 1076 πόλει
654 988 693 1074 δὲ
720 989 889 1092 εὐνομία,
914 999 955 1074 ἐν
973 995 1078 1079 οἴκοις
1100 989 1139 1079 di
1164 996 1377 1104 σωφροσύνη
1397 999 1580 1097 γίνεσθαι
1597 1002 1767 1106 πέφυκε·
1793 1017 1935 1088 συστὰ-

512 1095 601 1192 reati
639 1092 715 1196 γάρ
751 1100 832 1177 ἐστι
859 1095 929 1177 καὶ
954 1097 1115 1184 crerint
1144 1105 1221 1179 τῶν
1242 1105 1415 1182 πολλῶν.
1467 1101 1623 1195 Videtis,
1658 1105 1934 1204 quampulchre

513 1198 713 1272 cbnsocinre
746 1199 910 1271 sciverint
940 1198 1170 1300 Pythagorici
1202 1201 1474 1302 metaphysicam
1496 1201 1672 1276 doctrinae
1695 1217 1828 1304 partem
1853 1213 1935 1280 cu'm¹

514 1323 577 1370 sua
620 1298 767 1370 civitatis
807 1296 1067 1373 constituendae
1106 1302 1291 1399 sapientia!
1357 1301 1659 1394 Quemadmodum
1693 1308 1784 1378 cuim
1812 1307 1934 1380 mundi

214 1451 216 1460 .
364 1461 365 1468 ,
514 1423 641 1496 corpus
661 1424 705 1469 cx
723 1398 840 1470 multis
865 1400 1040 1497 variisque
1064 1403 1292 1500 compo'situm
1317 1401 1421 1476 rebus
1454 1416 1558 1500 atque
1588 1417 1843 1500 constructum,
1889 1434 1933 1480 ne

493 1499 682 1580 ,condictu
704 1523 746 1570 ac
771 1499 970 1596 praevalida
996 1499 1217 1574 dissimilium
1248 1529 1364 1575 rerum
1389 1529 1508 1574 secum
1531 1507 1759 1604 pugnantium
1781 1510 1933 1604 potentia

513 1597 738 1674 conturbetur
763 1600 891 1672 nedum
912 1598 1084 1674 dilabatur
1109 1603 1405 1700 dissolvuntque,
1443 1601 1622 1677 harmonia
1650 1608 1767 1677 unitur
1788 1618 1823 1678 et
1849 1632 1931 1679 con·
1958 1619 1962 1630 '

513 1703 661 1792 tinctor,
697 1702 748 1772 sic
773 1701 920 1793 ciuitas,
961 1699 1105 1796 domus,
1136 1701 1265 1776 familia
1290 1715 1325 1777 ct
1349 1703 1519 1802 quidquid
1537 1705 1754 1778 multitudine
1780 1719 1928 1798 constat,

513 1801 633 1874 eadem
658 1799 837 1872 harmonia
863 1803 899 1872 in
926 1828 1034 1872 unum
1060 1803 1263 1876 concilietur
1287 1816 1435 1903 apteque
1458 1808 1665 1902 temperetui·
1690 1831 1829 1879 neccsse
1855 1819 1928 1880 cst:

352 1959 356 1968 .
511 1905 609 1988 utin
635 1901 771 2005 ciuitate
797 1925 951 2000 congrua
976 1903 1190 2002 singularum
1214 1907 1386 2001 partium,
1414 1905 1655 2002 imperantium
1680 1905 1930 2004 subjectorum-

513 2027 603 2100 que,
633 2003 852 2098 compositio
874 2013 908 2072 ct
932 2003 1066 2095 unitas,
1109 2005 1146 2074 in
1181 2003 1284 2077 domo
1315 2016 1350 2076 ct
1373 2004 1503 2076 familia
1533 2008 1649 2078 suevis
1680 2031 1869 2080 consensus
1898 2020 1934 2080 ct

514 2101 724 2192 concordia,
769 2102 809 2171 in
840 2099 1000 2172 omnibns
1033 2101 1182 2200 denique
1213 2102 1384 2175 humanae
1416 2107 1506 2176 vitae
1531 2103 1722 2178 rationibus
1748 2117 1828 2205 apta
1849 2133 1932 2181 con·

513 2203 656 2301 spiratio
682 2213 716 2273 et
740 2201 952 2272 concinnitas
971 2200 1176 2294 enitescant.
1230 2200 1292 2274 Ab
1316 2203 1421 2275 altera
1439 2215 1536 2300 parte
1556 2205 1646 2276 sicut
1662 2205 1839 2304 disciprdis
1856 2219 1932 2281 tan·

514 2315 588 2378 tum
619 2300 798 2374 altioribus
830 2297 1006 2372 instructis
1039 2301 1232 2400 disciplinis
1264 2299 1309 2374 ad
1339 2301 1648 2401 perspiciendaque
1683 2305 1805 2376 mundi
1827 2333 1934 2406 opera

514 2405 755 2504 principiaque
781 2412 924 2474 naturae
957 2399 1224 2515 procedentibus
1245 2405 1370 2476 intueri
1405 2415 1439 2476 ct
1464 2402 1626 2474 admirari
1650 2404 1771 2476 mundi
1795 2405 1934 2480 barmo-

462 2563 469 2570 .
515 2509 621 2597 niam,
649 2505 696 2576 ita
711 2502 831 2576 iisdem
843 2501 917 2602 jam
935 2503 1096 2600 perfectis
1109 2515 1143 2577 et
1162 2505 1407 2576 consummatis
1423 2515 1586 2601 tanquam
1603 2503 1761 2576 ultimum
1777 2508 1935 2603 epoptiae

514 2606 661 2706 gradum
694 2606 884 2702 permensis
916 2604 1124 2675 mundanam
1158 2604 1253 2676 illam
1286 2602 1500 2677 harmoniam
1532 2631 1552 2676 e
1580 2603 1677 2678 coelo
1709 2605 1882 2680 de'vocurcv
1901 2619 1937 2680 et

515 2710 552 2778 in
578 2708 715 2778 ciuitate
742 2705 913 2777 collocare
938 2714 973 2777 et
994 2707 1031 2777 in
1053 2704 1205 2788 humanu
1226 2707 1385 2808 ‘instituta
1407 2703 1626 2778 introducere
1652 2705 1770 2778 datum
1792 2732 1938 2782 conces·
2001 2765 2005 2774 .

515 2831 592 2879 sum
642 2815 772 2876 cerat.
1641 2853 1647 2865 .

594 2831 872 3000 q'il’ostcequam
919 2903 1011 2975 banc
1055 2903 1371 3002 metaphysicorum
1418 2902 1617 3002 dogmatum
1658 2906 1936 3005 conjunctionem

517 3005 697 3103 bucusque
732 3003 956 3098 deduximus,
1000 3029 1084 3103 age,
1121 3003 1205 3102 quid
1238 3004 1274 3074 in
1294 3005 1386 3101 'ipsa
1415 3001 1534 3100 ultima
1568 3005 1749 3101 disciplina
1771 3007 1935 3078 traditum

518 3107 641 3198 luerit,
680 3105 914 3204 expediamus.
976 3102 1160 3177 Summum
1196 3116 1229 3178 et
1264 3103 1520 3177 nobilissimum
1553 3103 1775 3204 Pythagorae
1804 3105 1935 3177 dictum
1990 3147 1992 3152 ,

517 3218 611 3298 erat,
643 3205 731 3276 nihil
757 3205 956 3278 hominibus
988 3205 1151 3278 anarebin
1184 3203 1437 3296 detestabilius,
1472 3201 1662 3276 humanum
1698 3207 1791 3278 enim
1823 3231 1934 3305 genus

308 3301 332 3359 ’ν
414 3393 417 3398 Δ
473 3403 479 3412 Ι
518 3305 691 3378 incolume
713 3306 845 3376 serrari
868 3329 938 3375 non
959 3331 1083 3402 posse,
1119 3304 1180 3378 ubi
1201 3332 1304 3379 nemo
1321 3308 1471 3403 praesit,
1499 3305 1718 3404 magistratus
1738 3333 1810 3380 non
1832 3329 1934 3402 opor·

518 3395 598 3480 tere¹
618 3415 752 3478 tantum
776 3402 964 3503 prudentes
991 3429 1093 3496 esec,
1138 3431 1259 3477 uerum
1294 3409 1394 3478 ctiam
1427 3403 1748 3510 Φιλανθρῶπουςι
1779 3403 1935 3480 subditos

518 3532 601 3582 vcro
625 3531 697 3608 non
717 3507 907 3605 morigeros
931 3515 1085 3597 tantum,
1114 3503 1175 3578 sed
1193 3500 1461 3610 φιλάρχοντας
1480 3519 1632 3605 quoque.
1686 3504 1935 3580 Assuesacien·

518 3608 582 3682 dos
608 3619 724 3681 autem
755 3633 901 3706 pueros,
946 3616 985 3677 ut
1017 3631 1038 3676 a
1072 3607 1184 3703 prime
1214 3608 1328 3680 statim
1357 3617 1466 3678 aetate
1498 3608 1660 3681 alimenta
1694 3618 1794 3680 certo
1813 3606 1936 3681 ordine

520 3720 679 3800 sument,
714 3709 870 3780 ordinem
899 3707 991 3779 enim
1014 3706 1223 3806 modumque
1254 3705 1384 3804 ubique
1408 3705 1595 3804 pulchrum
1619 3721 1655 3780 et
1677 3707 1816 3802 utilem,
1853 3734 1935 3780 con·

478 3801 622 3881 *traria
655 3809 769 3906 turpia
804 3817 839 3880 et
873 3806 1007 3878 inutilia
1042 3833 1132 3880 csse.
1200 3803 1360 3880 Ariston.
1393 3803 1493 3887 ’Ano'
1526 3837 1588 3889 ασ,
1611 3833 1680 3906 ιφ.
1716 3807 1819 3881 Stob.
1852 3808 1935 3880 Flo·
2001 3863 2003 3868 ι

517 3910 618 4010 rilcg.
660 3910 709 3979 Τ.
728 3909 780 3978 11.
850 3903 964 3978 .ll0
996 3918 1031 3979 et
1062 3903 1163 3978 ill.
1186 3907 1278 3980 idem
1312 3934 1369 4006 ap.
1405 3908 1455 3982 da
1514 3907 1599 3981 licb.
1635 3907 1673 4010 g.
1700 3903 1936 4006 iterumi-

518 4013 586 4082 mis
612 4036 693 4084 uero
718 4004 806 4109 §.2
835 4005 876 4079 5.
906 4005 964 4082 Cf.
990 4005 1176 4080 Mahnium
1201 4008 1244 4082 dc
1268 4005 1428 4082 Aristeu.
1461 4036 1498 4107 p.
1519 4004 1608 4079 101.
1662 4008 1777 4082 Porro
1802 4013 1935 4106 praeci·

464 4157 472 4170 ·
518 4109 635 4207 piebst
659 4109 781 4184 crebro
806 4105 895 4207 (vid.
921 4111 1063 4206 supra),
1101 4107 1293 4208 sugendum
1319 4135 1394 4183 esse
1419 4106 1616 4182 omnimodo
1641 4119 1676 4180 ct
1694 4110 1936 4205 praescinden-

519 4208 603 4280 dum
637 4210 720 4310 igne
751 4210 913 4305 terreque
937 4220 972 4280 et
997 4207 1263 4308 quibuscunque
1298 4210 1446 4306 denique
1480 4210 1717 4284 instrumentis
1743 4237 1764 4282 a
1792 4235 1935 4328 corpore

400 4325 409 4360 t
519 4307 700 4403 morbum,
740 4309 783 4380 ab
813 4310 931 4383 anima
951 4310 1199 4407 ignorantiam,
1235 4321 1396 4384 uventm
1416 4307 1608 4399 brusco,
1644 4311 1826 4384 acivitatc
1846 4309 1934 4382 sedr-

506 4413 668 4502 .tioncm,
694 4436 716 4481 a
739 4410 841 4483 domo
862 4409 1092 4501 discordium,
1124 4412 1265 4483 omnino
1290 4409 1333 4484 ab
1356 4407 1517 4482 omuibus
1539 4408 1644 4482 rebus
1668 4435 1848 4506 mensurae
1875 4435 1934 4482 ex·
1978 4449 1987 4464 -

498 4525 669 4584 'cessum
739 4508 899 4584 Aristeu.
937 4535 994 4607 ap.
1026 4508 1205 4684 Porpbpr.
1271 4505 1371 4581 .22.
1408 4524 1466 4607 ap.
1500 4509 1635 4582 dambl.
1679 4505 1805 4608 554.
1852 4505 1932 4610 (ap.

519 4603 704 4687 Mabnium
735 4607 909 4714 p.lld.);
947 4609 994 4686 cs.
1027 4608 1065 4713 ἕ
1085 4607 1136 4685 17
1165 4662 1175 4683 .
1290 4607 1314 4686 d
1350 4603 1586 4708 quotidianum
1621 4609 1819 4686 mandatum
1847 4621 1933 4703 ent,
