4438 5292
1089 531 1346 608 ...24-

505 719 660 797 condidit
680 715 901 820 Pydragoras
924 720 1143 813 societatem,
1185 719 1247 792 sed
1278 744 1348 818 quo
1377 719 1617 819 praesentibus
1640 722 1717 820 jam
1752 723 1931 824 discipulis

505 823 586 904 novi
619 824 657 894 in
691 823 904 895 consortium
934 821 1042 917 recipi
1075 822 1271 895 voluerunt.
1334 819 1451 912 Quam
1488 820 1679 894 abeundum
1710 825 1803 898 euim
1838 839 1931 900 esset

387 951 391 956 ·
505 921 732 1014 contendere,
759 919 1002 1020 philosopham
1023 922 1060 994 ia
1084 920 1262 994 fundanda
1286 924 1467 1015 societate,
1494 947 1796 1023 unumquemque,
1825 931 1931 1002 autsi

503 1025 578 1112 vis,
614 1021 732 1122 plures
761 1021 864 1095 simul
896 1033 1114 1106 trecenorum
1142 1022 1271 1094 tradito
1303 1048 1398 1094 more
1433 1021 1649 1120 explorasse!
1689 1051 1794 1124 quam
1827 1027 1932 1128 longa

416 1195 422 1204 ,
505 1149 675 1208 annorum
700 1123 787 1198 serie
813 1149 901 1220 opus
926 1119 1126 1195 habuisset!
1165 1123 1278 1196 Nemo
1304 1125 1429 1222 igitur,
1462 1123 1589 1216 credo,
1624 1125 1661 1196 in
1684 1125 1962 1224 dubitationem·

507 1222 665 1316 uocabit,
700 1223 794 1321 quod
820 1249 864 1296 ex
888 1225 964 1319 ipsa
986 1249 1024 1302 re
1046 1221 1206 1296 efficitur.
1261 1223 1346 1296 dam
1369 1221 1414 1294 ad
1437 1225 1551 1321 ipsam
1574 1229 1824 1322 cooptationem
1849 1253 1931 1326 pro·

506 1323 716 1424 gredianrur.
770 1320 988 1420 Simulatque
1020 1321 1221 1398 adolescens
1245 1327 1281 1396 in
1312 1327 1522 1396 consortium
1543 1328 1661 1398 venire
1686 1327 1809 1421 vellet,
1849 1328 1932 1404 lucit

505 1424 727 1526 Pythagoras
751 1425 809 1517 id,
849 1423 945 1522 quod
965 1425 1160 1498 secretioris
1194 1421 1397 1521 disciplinae
1430 1425 1538 1498 indoli
1570 1429 1931 1504 convenientissimum

505 1540 577 1619 cst,
619 1525 825 1625 explorabat
855 1537 976 1619 anca,
1024 1551 1109 1598 num
1140 1523 1268 1624 dignus
1300 1536 1412 1617 esset,
1461 1551 1565 1623 quem
1597 1530 1777 1626 reciperet.
1848 1529 1931 1602 Nou

503 1631 596 1707 euim
626 1628 795 1702 exomni
827 1625 943 1724 liguo,
992 1625 1119 1698 dixisse
1157 1625 1267 1698 fertur
1327 1624 1551 1724 hilosophus,
1598 1624 1701 1701 debet
1731 1629 1931 1702 Mercurius

503 1728 672 1825 exsculpi.
724 1723 871 1825 Apulei.
901 1726 944 1797 de
960 1725 1032 1798 'Ma
1061 1778 1070 1794 .
1096 1723 1168 1822 Op.
1204 1753 1241 1825 p.
1322 1723 1418 1798 .ed.
1451 1727 1533 1822 Bip.
1566 1727 1739 1801 Referunt
1768 1731 1931 1828 antiquus

503 1831 652 1925 scriptor
682 1849 747 1924 up.
781 1823 916 1898 Jamhl.
949 1824 986 1925 ἓ.
1042 1822 1079 1897 1.
1115 1836 1151 1899 et
1175 1826 1318 1898 Taurus
1349 1851 1406 1923 ap.
1436 1825 1530 1900 Getl.
1559 1828 1599 1919 l,
1636 1824 1686 1920 9,
1714 1825 1755 1900 2.
1800 1831 1861 1928 quai
1893 1832 1931 1902 ia

504 1931 696 2004 amicorum
715 1951 860 2010 numero
887 1924 1007 1999 haberi
1032 1925 1224 2000 voluissent
1244 1925 1279 2029 ¹)
1311 1923 1565 2018 adolescentes,
1587 1939 1700 2002 antea
1726 1935 1932 2032 φυσιογνω.

504 2033 661 2129 datdeus
692 2025 952 2126 Pythagom,
998 2025 1094 2122 quod
1124 2025 1219 2100 bene
1254 2027 1496 2123 interpretatur
1525 2023 1619 2100 Gall.
1655 2028 1682 2101 l.
1712 2030 1739 2103 l.
1777 2032 1862 2123 sic,
1892 2041 1931 2104 ut
2060 2051 2072 2074 ·

505 2131 553 2206 sit
563 2147 577 2202 ε’
614 2154 727 2205 mores
752 2137 961 2226 naturasque
986 2126 1165 2201 hominurn
1189 2124 1436 2226 conjectatione
1459 2125 1609 2224 quadam
1631 2127 1674 2202 de
1695 2132 1768 2204 oris
1793 2142 1828 2205 et
1853 2129 1962 2203 vul·-

504 2243 561 2318 tus
582 2230 722 2330 ingenio
755 2227 868 2324 deque
886 2229 992 2303 totius
1018 2229 1172 2326 eorporis
1196 2226 1257 2300 iilo
1292 2236 1394 2324 atque
1424 2225 1545 2300 babitu
1577 2229 1758 2304 sciscitari.
1818 2231 1930 2330 Igitur
1968 2219 1982 2236 ²

436 2343 441 2352 “
504 2357 549 2406 ex
573 2332 698 2412 nativis
718 2331 788 2402 oris
810 2328 1046 2420 lineamentis,
1078 2329 1208 2426 optimo
1233 2329 1360 2400 interni
1384 2329 1489 2404 animi
1514 2328 1663 2422 iudicio,
1698 2343 1733 2404 et
1756 2357 1800 2404 cx
1816 2343 1930 2404 cetero

504 2432 661 2532 corporis
687 2429 809 2503 babitu
833 2431 1011 2530 ingenium
1036 2453 1218 2526 moresque
1235 2426 1375 2528 juvenis
1395 2425 1573 2523 eliciebat'3
1600 2432 1636 2501 iu
1687 2430 1796 2504 'rebat
1817 2434 1927 2528 prius,

503 2532 677 2632 quomodo
709 2557 786 2604 sese
818 2543 953 2629 gereret
988 2531 1026 2602 iu
1059 2541 1218 2628 parentes
1254 2541 1288 2602 et
1320 2528 1548 2620 domesticos,
1594 2457 1698 2630 φιᾝιΙΙ

503 2634 572 2708 bus
595 2644 629 2706 ct
651 2629 1017 2730 quomodo'uteretur.
1072 2628 1247 2717 omittunt
1270 2655 1354 2702 vero
1376 2631 1560 2727 scriptores
1585 2630 1623 2702 iu
1647 2631 1701 2704 his
1727 2633 1931 2706 narrationi·

506 2731 595 2823 bus,
638 2731 908 2830 quueomittero
931 2755 1002 2806 non
1028 2727 1217 2822 debebant,
1264 2752 1344 2802 eum
1371 2741 1503 2802 tautum
1533 2729 1699 2829 juvenem
1732 2732 1777 2804 ad
1805 2733 1931 2832 proba·

508 2832 636 2905 tionem
668 2828 860 2912 admissam
891 2855 986 2921 csse,
1029 2831 1090 2925 qui
1116 2826 1233 2922 clara,
1274 2827 1312 2900 h.
1347 2855 1379 2902 e.
1417 2831 1632 2927 optimatium
1664 2833 1793 2906 l'amilia
1828 2845 1930 2906 natus

506 2931 632 3011 luerat.
687 2928 768 3033 (De
788 2927 844 3000 his
869 2928 934 3008 sub
960 2929 1065 3003 finem
1085 2927 1231 3008 uberim
1264 2927 1544 3032 disputabimus).
1609 2932 1693 3006 Hac
1724 2961 1839 3010 mores
1867 2933 1930 3007 ho·

508 3035 640 3106 minum
660 3033 796 3132 penitus
822 3029 1051 3129 pernoscendi
1075 3029 1330 3126 peritia‘ell'ecit
1344 3030 1587 3130 Pythagoras,
1618 3034 1824 3127 ut.duruna,
1856 3037 1929 3108 uio·

507 3135 660 3225 lentum,
698 3133 899 3205 seditiosum
931 3144 966 3206 et
996 3132 1215 3230 tyrannicum
1240 3129 1386 3229 Cydonis
1415 3132 1592 3230 ingenium
1615 3138 1730 3208 statim
1757 3137 1930 3234 perspice·

1643 2533 1654 2602 i
1679 2557 1721 2602 us
1753 2529 1931 2604 familiari·
2040 2529 2044 2536 ’

507 3243 581 3327 ret,
617 3254 765 3328 cumque
789 3231 836 3304 ob
861 3230 925 3304 has
947 3256 1070 3304 causas
1092 3229 1286 3327 repelleret.
1326 3225 1484 3318 Ariston.
1513 3257 1570 3330 ap.
1592 3234 1772 3335 Porphpr.
1829 3233 1927 3307 ,54
2038 3279 2044 3284 .

507 3359 566 3431 ap.
594 3329 730 3406 dambl.
769 3329 806 3430 §-
830 3326 927 3402 2⁴8.
981 3331 1078 3402 Dum
1097 3331 1296 3427 exploratus
1321 3329 1389 3404 hoc
1421 3332 1525 3406 modo
1560 3333 1774 3434 idoneusque
1861 3347 1929 3429 rat,

507 3435 648 3540 propria
674 3423 850 3533 διαπεῖραι
873 3431 1015 3529 incepit.
1078 3424 1257 3502 Audiebat
1280 3454 1375 3502 nane
1400 3457 1489 3528 quae
1514 3459 1536 3506 a
1559 3434 1739 3534 discipulis
1768 3435 1931 3510 dicebau-
1969 3497 1972 3502 .

507 3547 565 3612 tur
585 3529 636 3638 Ω).
690 3533 828 3607 Interea
857 3529 1062 3608 observabat
1084 3541 1308 3632 praeceptor,
1342 3555 1427 3604 uum
1450 3558 1539 3632 qrrae
1563 3535 1718 3611 audierat
1736 3535 1877 3636 juvenis
1898 3547 1933 3610 et

508 3635 696 3730 didicerat,
744 3635 858 3708 animo
892 3631 1065 3732 custodire
1099 3643 1134 3706 et
1165 3629 1300 3706 diendo
1332 3631 1494 3708 cohibere
1534 3649 1655 3734 posset
1693 3634 1930 3736 (ἐχεμυθία,

508 3885 514 3896 ·
551 3859 591 3950 l)
612 3857 648 3926 st
668 3811 878 3950 Pythagorae
907 3862 1091 3932 societatem
1119 3885 1183 3930 nou
1200 3835 1351 3954 juvenum
1376 3864 1418 3932 ad
1446 3865 1675 3934 addiscendum
1702 3858 1932 3952 philosophiam

511 4001 513 4012 .
613 3943 711 4014 modo
735 3957 1006 4033 congregatorum
1029 3961 1157 4016 coetum
1181 3961 1324 4037 putasset
1345 3949 1474 4018 'l'aarus
1495 3975 1544 4040 ap.
1559 3949 1685 4031 Gelil,
1708 3951 1746 4028 9,
1766 3949 1814 4028 2,
1844 3948 1932 4036 qaod

612 4041 743 4180 gabaae
774 4053 813 4097 ex
835 4031 937 4100 Gellio
965 4045 1117 4121 apparet,
1152 4034 1212 4101 sed
1240 4031 1365 4125 rejectis
1394 4035 1524 4103 aliorum
1553 4032 1683 4114 sabulis,
1716 4051 1795 4122 quas
1821 4053 1931 4102 rursus

511 4175 514 4186 .
637 4115 892 4196 euronotum
935 4117 1086 4184 uuerendi
1107 4118 1189 4184 viam
1203 4117 1347 4200 iniisset,
1370 4132 1459 4187 carte
1480 4141 1543 4185 nou
1558 4115 1702 4186 dixisset:
1724 4115 1931 4186 “adolescen-

511 4203 514 4208 '
615 4208 681 4277 tes,
722 4201 776 4289 qui
805 4224 879 4268 sese
900 4139 942 4268 ab
972 4199 1158 4268 discendum
1181 4203 1392 4270 obtulerant”
1440 4203 1495 4270 De
1521 4202 1719 4274 Aristotelioa
1747 4199 1931 4294 explorandi

611 4283 850 4374 recipiendique
871 4286 993 4354 ratione
1015 4286 1077 4354 vid.
1100 4284 1238 4354 Gelliam
1258 4287 1343 4367 XX,
1358 4289 1389 4354 5.

401 4463 404 4472 ‚
546 4384 714 4488 ⁴2)·Hau‹l
735 4387 944 4489 improbabile
968 4387 1044 4490 mibi
1066 4385 1208 4490 ridetur,
1245 4387 1329 4480 Pyth
1375 4408 1453 4491 orae
1482 4387 1653 4480 discipulos
1683 4370 1740 4460 de⁸
1757 4387 1930 4479 probandis

614 4469 869 4624 tttttttt
888 4473 954 4646 ‘ia
974 4476 1930 4651 ttttttttttttstttttt‘ttttbttt{tat
