4428 5306
895 567 1155 646 ...37-

319 759 553 852 humentem,
589 757 758 832 hordeum
780 769 815 834 et
835 758 1013 857 placentas
1038 755 1107 832 sibi
1133 757 1261 834 oll'erri.
1315 753 1374 832 Cl'.
1402 743 1559 856 inprimis
1584 754 1736 832 Varron.

315 885 372 958 ap.
398 859 502 935 serv.
531 859 576 933 ad
600 855 752 934 Aeneid.
770 860 848 952 111,
872 857 941 932 85.
995 860 1085 934 lude
1109 859 1257 960 pulchra
1281 854 1479 932 Aristotelis
1502 859 1653 932 namatio
1681 883 1740 932 ex·

314 961 486 1060 plicando·
500 971 599 1054 est,
621 985 692 1059 qna
718 958 940 1061 Pythagoras
965 960 1074 1034 solam
1108 989 1225 1054 aram,
1259 985 1350 1059 quae
1376 971 1457 1057 post
1483 985 1643 1032 corneam
1671 969 1737 1050 cst,

306 1061 412 1136 -ltelii
432 1055 611 1159 Apollinis
635 1060 814 1134 Genitoris
849 1059 918 1162 (est
942 1061 1002 1136 ille
1026 1060 1155 1164 βωμδς
1185 1059 1393 1162 εὐσεβέων)
1420 1059 1515 1134 velut
1540 1060 1739 1132 inviolatam

314 1159 474 1236 sollemni
509 1186 614 1261 prece
651 1160 858 1235 adoraverit.
928 1158 1077 1238 Aristot.
1122 1191 1180 1263 ap.
1221 1164 1329 1262 Diog.
1368 1162 1488 1234 baon.
1518 1161 1634 1252 vul,
1671 1156 1736 1232 15.
1855 1167 1860 1178 ”

266 1299 271 1302 ·
315 1262 565 1382 Τίιιιαοωιιρ.
594 1261 743 1338 Censor.
772 1262 816 1336 de
842 1262 892 1334 1).
915 1262 999 1337 Nat.
1027 1289 1063 1338 e.
1080 1261 1121 1337 2.
1150 1263 1239 1367 (vid.
1262 1262 1418 1337 Goeller.
1446 1262 1572 1368 fragm.
1602 1262 1739 1334 Timaei

315 1357 435 1534 er.
463 1358 623 1536 aa
653 1361 1061 1540 ornere.
1506 1361 1547 1536 t·

313 1559 535 1661 posen.
566 1561 1133 1640 monasterienses.
1172 1560 1523 1666 passura-
1572 1561 1740 1662 sequa..
1815 1623 1824 1636 ,
1937 1541 1946 1548 “

315 1674 354 1736 ut
378 1662 422 1738 de
444 1659 622 1760 Apollinis
647 1664 743 1738 cultu
767 1668 804 1736 in
829 1668 1026 1740 societatem
1048 1679 1188 1766 recepto
1213 1691 1371 1768 agamus.
1617 1737 1621 1748 ,

280 1817 285 1826 ·
431 1762 548 1860 Supra
554 1763 630 1862 jam
637 1763 875 1862 probavimus,
891 1762 1093 1864 Apollinem
1102 1768 1325 1842 Borionsiurn
1338 1791 1510 1838 summum
1524 1760 1627 1836 deum
1638 1765 1740 1836 etiam

314 1865 352 1936 in
370 1861 647 1954 Crotoniatas-um
664 1867 834 1940 civitatem
848 1867 982 1939 illatum
997 1893 1084 1942 esse.
1112 1869 1332 1970 Pythagoras
1344 1867 1554 1940 Doricorum
1568 1866 1739 1937 instituto·

315 1989 394 2036 rum
410 1965 667 2060 tenacissimus,
693 1969 824 2063 recepit
841 1965 937 2040 hunc
955 1967 1058 2040 mum
1075 1965 1110 2070 ι)
1134 1982 1169 2044 et
1190 1981 1366 2067 tamquam
1381 1967 1566 2040 antistitem
1587 1966 1740 2038 societati

316 2087 402 2136 suae
416 2063 593 2160 praefecit.
620 2065 690 2138 Dei
704 2067 863 2166 religioni
879 2069 1026 2142 maxime
1040 2069 1198 2143 innatum
1209 2081 1244 2144 et
1256 2072 1358 2169 quasi
1373 2067 1587 2164 insculptum
1599 2077 1666 2158 est,
1694 2063 1740 2138 ad

316 2159 473 2261 placidos
499 2189 613 2238 mores
643 2165 814 2267 effingere
840 2167 999 2242 homines
1035 2166 1189 2269 (Ephor.
1217 2197 1274 2272 ap.
1303 2169 1424 2246 Strab.
1446 2168 1519 2240 lx.
1551 2194 1589 2265 p.
1605 2162 1743 2268 422),

315 2266 491 2337 internum
526 2266 632 2338 animi
664 2279 871 2342 concentum
904 2268 1153 2345 tmbidioribus
1186 2267 1503 2370 perturbationibus
1531 2293 1740 2342 concussum

316 2363 507 2457 reducere,
549 2375 584 2440 et
610 2367 790 2442 reductam
820 2372 944 2442 mentis
976 2372 1151 2466 animique
1181 2373 1397 2444 harmoniam
1430 2379 1630 2442 constanter
1666 2395 1738 2439 ser·

315 2487 410 2538 vare.
464 2465 564 2558 Quid
587 2470 735 2560 mirum,
782 2467 877 2564 quod
901 2467 1127 2565 Pythagoras
1154 2469 1246 2542 hanc
1282 2469 1457 2541 notionem
1490 2469 1539 2538 ita
1563 2465 1735 2556 adhibuit,

278 2567 282 2584 “
315 2577 355 2637 ut
379 2590 451 2637 nou
475 2564 588 2637 solum
614 2576 720 2638 totam
744 2567 873 2657 vitam,
915 2564 977 2638 sed
1002 2568 1103 2638 etiam
1127 2565 1366 2666 philosophiae
1399 2566 1560 2666 dogmata
1594 2563 1638 2636 ad
1661 2591 1740 2638 eam

316 2661 499 2762 dirigeret!
551 2661 810 2766 Philosophum
842 2667 1037 2740 invenimus
1074 2677 1189 2746 totum
1218 2665 1380 2768 Apollini
1413 2668 1655 2742 inservientem
1682 2663 1737 2768 ²),

362 2885 402 2973 1)
425 2886 607 2973 snbtgttnr
634 2881 760 2960 adbuc,
799 2878 890 2956 unde
915 2891 949 2950 et
976 2881 1138 2972 ‹momodo
1166 2881 1221 2950 dei
1249 2903 1343 2950 saera
1377 2881 1548 2971 acceperit.
1608 2881 1740 2949 Pu'mns

444 2981 576 3038 uentum
606 2969 673 3036 scio
702 2961 817 3051 odptr.
838 2961 978 3034 Mueller.
1007 2989 1047 3034 ex
1067 2967 1233 3056 Apollonio
1263 2990 1314 3055 ap.
1340 2965 1453 3034 lambi.
1486 2965 1518 3058 §.
1537 2969 1568 3033 8.
1598 2966 1739 3054 collegit,

420 2993 643 3144 Pythagoram
664 3049 819 3138 Apollinis·
843 3051 963 3118 cultum
982 3050 1135 3138 gentilem
1154 3051 1312 3120 habuisse.
1363 3051 1432 3117 Sed
1459 3075 1477 3118 a
1522 3074 1563 3118 ue
1591 3050 1765 3128 fabulosa,

422 3151 471 3206 est
498 3137 653 3227 Apollonii
681 3158 721 3204 ac
760 3135 974 3201 recentiorum
1001 3135 1192 3224 scriptorum
1226 3135 1296 3224 (ol.
1321 3135 1435 3200 Jambl.
1535 3135 1552 3218 )
1585 3136 1737 3214 narratio,

418 3223 449 3288 P
472 3223 641 3312 thagoram
663 3243 684 3286 a
703 3217 805 3307 prima
828 3220 934 3287 statim
955 3219 1117 3287 nativitate
1138 3241 1212 3286 cum
1233 3217 1374 3308 Apolline
1397 3221 1600 3310 conjunctum
1622 3218 1739 3300 suisse;

419 3247 515 3374 talem
537 3304 791 3396 conjunctionem
812 3325 885 3368 cnm
909 3302 969 3372 diis
990 3305 1126 3370 nativam
1146 3304 1180 3370 in
1208 3303 1487 3371 celeberrimorum
1514 3305 1651 3372 virorum
1672 3305 1736 3371 vita

299 3415 309 3436 ·
417 3391 519 3460 ubivis
543 3392 651 3458 fictam
673 3386 948 3476 deprehendimus.
991 3387 1105 3455 Potius
1128 3385 1276 3469 credam,
1297 3399 1353 3456 aut
1372 3388 1638 3469 Lacedaemone,
1669 3401 1737 3467 aut,

417 3475 505 3566 quod
526 3474 658 3545 historia
679 3473 801 3540 dooere
820 3470 964 3556 ridetur,
983 3473 1129 3546 Crotone
1150 3472 1282 3540 demum
1301 3473 1523 3564 philosophum
1546 3473 1598 3540 dei
1616 3471 1736 3540 cultum
1858 3517 1861 3526 ·

419 3583 514 3629 susce
535 3583 610 3628 usse.

355 3641 396 3734 2)
419 3645 472 3712 Ex
491 3584 555 3712 hle
575 3643 788 3734 Pythagorae
807 3662 881 3710 cum
900 3640 1043 3729 Apolline
1071 3641 1295 3732 conjunctione
1326 3647 1441 3706 enatae
1470 3647 1544 3704 snut
1571 3638 1738 3705 fabulosae

420 3729 684 3809 consuetudines,
729 3751 811 3816 quas
834 3726 981 3794 habuerit
1008 3725 1215 3816 philosophus
1242 3747 1320 3792 cum
1345 3721 1503 3794 torrida.
1531 3721 1734 3810 Epimenidc‚

419 3813 495 3882 aliis.
538 3815 670 3893 Abarin,
704 3835 800 3902 quern
819 3821 1258 3898 temporumoomputatoree
1288 3810 1327 3876 in.
1347 3806 1399 3874 01.
1420 3806 1509 3874 Llll.
1533 3821 1674 3895 ponunt,
1700 3809 1736 3873 in

416 3899 717 3989 Hyperboreorum‚
737 3899 772 3964 h.
794 3921 824 3964 e.
844 3894 1053 3962 remotissima
1066 3907 1153 3964 terra
1166 3907 1278 3976 natm,
1307 3892 1460 3964 sacerdos
1483 3904 1554 3960 erat
1573 3893 1735 3981 Apollinis,

417 3983 476 4050 sed
492 3984 793 4088 praestigiatorum,
827 3980 943 4068 quibus
968 3980 1188 4073 superstitiosa
1208 3991 1299 4050 actas
1320 3977 1520 4057 abundabat,
1549 3999 1648 4056 unes,
1678 3977 1734 4066 qui

418 4077 535 4156 partun
557 4069 599 4136 ad
616 4067 784 4135 commissa
804 4063 942 4146 scelera,
976 4065 1185 4153 pestilentiam
1216 4064 1408 4132 saevientem
1436 4061 1560 4150 aliaque
1585 4060 1675 4150 prodi
1702 4062 1736 4127 ia

418 4151 589 4240 expianda,
610 4153 725 4242 partim
748 4149 790 4220 ad
811 4149 849 4218 sti
872 4171 924 4216 em
945 4171 1074 4216 sacram-
1087 4149 1155 4217 colli
1183 4145 1297 4218 endam
1312 4161 1413 4218 terras
1428 4147 1635 4250 peragrabat
1657 4084 1732 4214 rdet

416 4233 562 4325 Lycurg.
590 4235 677 4328 apud
704 4237 810 4303 Nono.
840 4173 969 4301 tlrrrat
989 4235 1064 4322 vig.
1094 4235 1137 4301 ad
1157 4171 1260 4322 lireg.
1281 4235 1323 4302 N.
1347 4235 1403 4301 0r.
1432 4253 1464 4298 rn
1485 4231 1602 4300 Oreum
1623 4229 1732 4300 Melet

413 4318 454 4386 P.
464 4319 494 4386 1.
510 4345 541 4410 p.
549 4325 600 4390 76.
622 4345 712 4410 seqq.
742 4318 857 4390 Jnrnbl
878 4321 916 4386 V.
937 4319 978 4386 P.
999 4317 1031 4409 §.
1049 4321 1100 4386 91.
1118 4319 1188 4388 141.
1211 4332 1245 4388 et
1266 4343 1352 4408 quos
1367 4329 1512 4406 tempore
1531 4317 1729 4383 enumerarit
1842 4345 1849 4352 ·

414 4403 560 4474 Lobeelr.
589 4431 639 4496 ap.
669 4407 832 4506 Strudum
854 4402 902 4470 de
925 4401 997 4472 dial.
1028 4403 1196 4507 Herodi.
1227 4428 1262 4507 p.
1278 4407 1328 4472 lt.
1357 4415 1442 4486 not,
1472 4401 1507 4468 in
1526 4400 1727 4552 Aglaophl.

409 4512 442 4594 p.
460 4490 535 4560 314.
556 4505 621 4560 rot.
642 4515 674 4580 p.
718 4492 893 4560 Crotonem
916 4511 989 4556 eum
1009 4511 1132 4591 ventsse
1154 4501 1188 4592 et
1208 4513 1259 4558 ux
1280 4487 1410 4558 credas!
1443 4508 1522 4554 auro
1545 4508 1617 4554 men
1641 4497 1728 4552 reato

407 4597 441 4642 rn
463 4597 632 4646 commum
654 4575 768 4646 cedato
789 4600 812 4644 a
830 4575 1022 4664 Pythagora
1040 4597 1078 4642 ru
1096 4583 1282 4676 supetatem
1309 4584 1478 4672 receptum
1498 4595 1586 4651 esse,
1616 4583 1729 4641 narret
